%YAML 1.1
%TAG !u! tag:unity3d.com,2011:
--- !u!1 &1923336682046432430
GameObject:
  m_ObjectHideFlags: 0
  m_CorrespondingSourceObject: {fileID: 0}
  m_PrefabInstance: {fileID: 0}
  m_PrefabAsset: {fileID: 0}
  serializedVersion: 6
  m_Component:
  - component: {fileID: 1926663409585829644}
  m_Layer: 0
  m_Name: Rabit03_r
  m_TagString: Untagged
  m_Icon: {fileID: 0}
  m_NavMeshLayer: 0
  m_StaticEditorFlags: 0
  m_IsActive: 1
--- !u!4 &1926663409585829644
Transform:
  m_ObjectHideFlags: 0
  m_CorrespondingSourceObject: {fileID: 0}
  m_PrefabInstance: {fileID: 0}
  m_PrefabAsset: {fileID: 0}
  m_GameObject: {fileID: 1923336682046432430}
  m_LocalRotation: {x: 0.343308, y: -0.61817443, z: 0.343308, w: 0.61817443}
  m_LocalPosition: {x: 0.24194717, y: -0.00000090337085, z: -0.00000047240744}
  m_LocalScale: {x: 1, y: 1, z: 1}
  m_Children: []
  m_Father: {fileID: 1919602152433885840}
  m_RootOrder: 0
  m_LocalEulerAnglesHint: {x: 0, y: 0, z: 0}
--- !u!1 &1923338839445747354
GameObject:
  m_ObjectHideFlags: 0
  m_CorrespondingSourceObject: {fileID: 0}
  m_PrefabInstance: {fileID: 0}
  m_PrefabAsset: {fileID: 0}
  serializedVersion: 6
  m_Component:
  - component: {fileID: 1919646645092153172}
  m_Layer: 0
  m_Name: lowerarm_r
  m_TagString: Untagged
  m_Icon: {fileID: 0}
  m_NavMeshLayer: 0
  m_StaticEditorFlags: 0
  m_IsActive: 1
--- !u!4 &1919646645092153172
Transform:
  m_ObjectHideFlags: 0
  m_CorrespondingSourceObject: {fileID: 0}
  m_PrefabInstance: {fileID: 0}
  m_PrefabAsset: {fileID: 0}
  m_GameObject: {fileID: 1923338839445747354}
  m_LocalRotation: {x: 0, y: 0, z: 0.010152468, w: 0.9999485}
  m_LocalPosition: {x: 0.21140663, y: -0.0020677692, z: -5.684342e-16}
  m_LocalScale: {x: 1, y: 1, z: 1}
  m_Children:
  - {fileID: 1919624882416174436}
  m_Father: {fileID: 1926832978568613168}
  m_RootOrder: 0
  m_LocalEulerAnglesHint: {x: 0, y: 0, z: 0}
--- !u!1 &1923369360986870050
GameObject:
  m_ObjectHideFlags: 0
  m_CorrespondingSourceObject: {fileID: 0}
  m_PrefabInstance: {fileID: 0}
  m_PrefabAsset: {fileID: 0}
  serializedVersion: 6
  m_Component:
  - component: {fileID: 1919192171952359044}
  m_Layer: 0
  m_Name: clavicle_l
  m_TagString: Untagged
  m_Icon: {fileID: 0}
  m_NavMeshLayer: 0
  m_StaticEditorFlags: 0
  m_IsActive: 1
--- !u!4 &1919192171952359044
Transform:
  m_ObjectHideFlags: 0
  m_CorrespondingSourceObject: {fileID: 0}
  m_PrefabInstance: {fileID: 0}
  m_PrefabAsset: {fileID: 0}
  m_GameObject: {fileID: 1923369360986870050}
  m_LocalRotation: {x: 0.15998697, y: -0.7459689, z: -0.01766271, w: 0.64623725}
  m_LocalPosition: {x: -0.08977397, y: -0.0388776, z: -0.10642209}
  m_LocalScale: {x: 1, y: 1, z: 1}
  m_Children:
  - {fileID: 1919171367758528962}
  m_Father: {fileID: 1926752541551478760}
  m_RootOrder: 0
  m_LocalEulerAnglesHint: {x: 0, y: 0, z: 0}
--- !u!1 &1923370353164863338
GameObject:
  m_ObjectHideFlags: 0
  m_CorrespondingSourceObject: {fileID: 0}
  m_PrefabInstance: {fileID: 0}
  m_PrefabAsset: {fileID: 0}
  serializedVersion: 6
  m_Component:
  - component: {fileID: 1926538997591091802}
  m_Layer: 0
  m_Name: thumb_03_r
  m_TagString: Untagged
  m_Icon: {fileID: 0}
  m_NavMeshLayer: 0
  m_StaticEditorFlags: 0
  m_IsActive: 1
--- !u!4 &1926538997591091802
Transform:
  m_ObjectHideFlags: 0
  m_CorrespondingSourceObject: {fileID: 0}
  m_PrefabInstance: {fileID: 0}
  m_PrefabAsset: {fileID: 0}
  m_GameObject: {fileID: 1923370353164863338}
  m_LocalRotation: {x: 0.01478177, y: -0.030982837, z: -0.08152062, w: 0.9960803}
  m_LocalPosition: {x: 0.047298215, y: 0.00032664675, z: -0.00010212635}
  m_LocalScale: {x: 1, y: 1, z: 1}
  m_Children: []
  m_Father: {fileID: 1919116961913480238}
  m_RootOrder: 0
  m_LocalEulerAnglesHint: {x: 0, y: 0, z: 0}
--- !u!1 &1923405734271667428
GameObject:
  m_ObjectHideFlags: 0
  m_CorrespondingSourceObject: {fileID: 0}
  m_PrefabInstance: {fileID: 0}
  m_PrefabAsset: {fileID: 0}
  serializedVersion: 6
  m_Component:
  - component: {fileID: 1919444902038380636}
  m_Layer: 0
  m_Name: thigh_l
  m_TagString: Untagged
  m_Icon: {fileID: 0}
  m_NavMeshLayer: 0
  m_StaticEditorFlags: 0
  m_IsActive: 1
--- !u!4 &1919444902038380636
Transform:
  m_ObjectHideFlags: 0
  m_CorrespondingSourceObject: {fileID: 0}
  m_PrefabInstance: {fileID: 0}
  m_PrefabAsset: {fileID: 0}
  m_GameObject: {fileID: 1923405734271667428}
  m_LocalRotation: {x: -0.018547952, y: 0.037179936, z: -0.008849067, w: 0.9990972}
  m_LocalPosition: {x: 0.022199383, y: 0.008744767, z: -0.10806942}
  m_LocalScale: {x: 1, y: 1, z: 1}
  m_Children:
  - {fileID: 1919640910787943044}
  m_Father: {fileID: 1926836694547110962}
  m_RootOrder: 3
  m_LocalEulerAnglesHint: {x: 0, y: 0, z: 0}
--- !u!1 &1923424847377044360
GameObject:
  m_ObjectHideFlags: 0
  m_CorrespondingSourceObject: {fileID: 0}
  m_PrefabInstance: {fileID: 0}
  m_PrefabAsset: {fileID: 0}
  serializedVersion: 6
  m_Component:
  - component: {fileID: 1919140883359624020}
  m_Layer: 0
  m_Name: Nose01
  m_TagString: Untagged
  m_Icon: {fileID: 0}
  m_NavMeshLayer: 0
  m_StaticEditorFlags: 0
  m_IsActive: 1
--- !u!4 &1919140883359624020
Transform:
  m_ObjectHideFlags: 0
  m_CorrespondingSourceObject: {fileID: 0}
  m_PrefabInstance: {fileID: 0}
  m_PrefabAsset: {fileID: 0}
  m_GameObject: {fileID: 1923424847377044360}
  m_LocalRotation: {x: 0, y: 0, z: 0.5383473, w: 0.8427231}
  m_LocalPosition: {x: -0.060137894, y: -0.30975625, z: 6.5145675e-17}
  m_LocalScale: {x: 1, y: 1, z: 1}
  m_Children:
  - {fileID: 1919513845466283808}
  m_Father: {fileID: 1926705612201687274}
  m_RootOrder: 2
  m_LocalEulerAnglesHint: {x: 0, y: 0, z: 0}
--- !u!1 &1923432341248408400
GameObject:
  m_ObjectHideFlags: 0
  m_CorrespondingSourceObject: {fileID: 0}
  m_PrefabInstance: {fileID: 0}
  m_PrefabAsset: {fileID: 0}
  serializedVersion: 6
  m_Component:
  - component: {fileID: 1919429475382572230}
  m_Layer: 0
  m_Name: ring_02_l
  m_TagString: Untagged
  m_Icon: {fileID: 0}
  m_NavMeshLayer: 0
  m_StaticEditorFlags: 0
  m_IsActive: 1
--- !u!4 &1919429475382572230
Transform:
  m_ObjectHideFlags: 0
  m_CorrespondingSourceObject: {fileID: 0}
  m_PrefabInstance: {fileID: 0}
  m_PrefabAsset: {fileID: 0}
  m_GameObject: {fileID: 1923432341248408400}
  m_LocalRotation: {x: 0.017940473, y: 0.009724062, z: -0.01808565, w: 0.9996282}
  m_LocalPosition: {x: -0.057522308, y: -0.0022442401, z: -0.0006415059}
  m_LocalScale: {x: 1, y: 1, z: 1}
  m_Children:
  - {fileID: 1919414873996298880}
  m_Father: {fileID: 1919224414594335598}
  m_RootOrder: 0
  m_LocalEulerAnglesHint: {x: 0, y: 0, z: 0}
--- !u!1 &1923434231927572480
GameObject:
  m_ObjectHideFlags: 0
  m_CorrespondingSourceObject: {fileID: 0}
  m_PrefabInstance: {fileID: 0}
  m_PrefabAsset: {fileID: 0}
  serializedVersion: 6
  m_Component:
  - component: {fileID: 1919640910787943044}
  m_Layer: 0
  m_Name: calf_l
  m_TagString: Untagged
  m_Icon: {fileID: 0}
  m_NavMeshLayer: 0
  m_StaticEditorFlags: 0
  m_IsActive: 1
--- !u!4 &1919640910787943044
Transform:
  m_ObjectHideFlags: 0
  m_CorrespondingSourceObject: {fileID: 0}
  m_PrefabInstance: {fileID: 0}
  m_PrefabAsset: {fileID: 0}
  m_GameObject: {fileID: 1923434231927572480}
  m_LocalRotation: {x: -0.024624275, y: -0.0030814162, z: 0.0982936, w: 0.994848}
  m_LocalPosition: {x: 0.10403038, y: -0.0036481472, z: 0.0008584225}
  m_LocalScale: {x: 1, y: 1, z: 1}
  m_Children:
  - {fileID: 1926950645895023976}
  m_Father: {fileID: 1919444902038380636}
  m_RootOrder: 0
  m_LocalEulerAnglesHint: {x: 0, y: 0, z: 0}
--- !u!1 &1923437700941895028
GameObject:
  m_ObjectHideFlags: 0
  m_CorrespondingSourceObject: {fileID: 0}
  m_PrefabInstance: {fileID: 0}
  m_PrefabAsset: {fileID: 0}
  serializedVersion: 6
  m_Component:
  - component: {fileID: 1926845676154823866}
  m_Layer: 0
  m_Name: thumb_03_l
  m_TagString: Untagged
  m_Icon: {fileID: 0}
  m_NavMeshLayer: 0
  m_StaticEditorFlags: 0
  m_IsActive: 1
--- !u!4 &1926845676154823866
Transform:
  m_ObjectHideFlags: 0
  m_CorrespondingSourceObject: {fileID: 0}
  m_PrefabInstance: {fileID: 0}
  m_PrefabAsset: {fileID: 0}
  m_GameObject: {fileID: 1923437700941895028}
  m_LocalRotation: {x: 0.01478177, y: -0.030982837, z: -0.08152062, w: 0.9960803}
  m_LocalPosition: {x: -0.047298487, y: -0.00032638563, z: 0.0001019219}
  m_LocalScale: {x: 1, y: 1, z: 1}
  m_Children: []
  m_Father: {fileID: 1919188257973134704}
  m_RootOrder: 0
  m_LocalEulerAnglesHint: {x: 0, y: 0, z: 0}
--- !u!1 &1923441518020426000
GameObject:
  m_ObjectHideFlags: 0
  m_CorrespondingSourceObject: {fileID: 0}
  m_PrefabInstance: {fileID: 0}
  m_PrefabAsset: {fileID: 0}
  serializedVersion: 6
  m_Component:
  - component: {fileID: 1926487807964339948}
  m_Layer: 0
  m_Name: ball_r
  m_TagString: Untagged
  m_Icon: {fileID: 0}
  m_NavMeshLayer: 0
  m_StaticEditorFlags: 0
  m_IsActive: 1
--- !u!4 &1926487807964339948
Transform:
  m_ObjectHideFlags: 0
  m_CorrespondingSourceObject: {fileID: 0}
  m_PrefabInstance: {fileID: 0}
  m_PrefabAsset: {fileID: 0}
  m_GameObject: {fileID: 1923441518020426000}
  m_LocalRotation: {x: 0.0030611525, y: -0.008212709, z: 0.7100026, w: 0.70414454}
  m_LocalPosition: {x: -0.01755713, y: 0.12076904, z: 0.019775553}
  m_LocalScale: {x: 1, y: 1, z: 1}
  m_Children: []
  m_Father: {fileID: 1926868560255957938}
  m_RootOrder: 0
  m_LocalEulerAnglesHint: {x: 0, y: 0, z: 0}
--- !u!1 &1923443295564468928
GameObject:
  m_ObjectHideFlags: 0
  m_CorrespondingSourceObject: {fileID: 0}
  m_PrefabInstance: {fileID: 0}
  m_PrefabAsset: {fileID: 0}
  serializedVersion: 6
  m_Component:
  - component: {fileID: 1919224414594335598}
  m_Layer: 0
  m_Name: ring_01_l
  m_TagString: Untagged
  m_Icon: {fileID: 0}
  m_NavMeshLayer: 0
  m_StaticEditorFlags: 0
  m_IsActive: 1
--- !u!4 &1919224414594335598
Transform:
  m_ObjectHideFlags: 0
  m_CorrespondingSourceObject: {fileID: 0}
  m_PrefabInstance: {fileID: 0}
  m_PrefabAsset: {fileID: 0}
  m_GameObject: {fileID: 1923443295564468928}
  m_LocalRotation: {x: -0.0022036482, y: 0.004168381, z: -0.022912893, w: 0.99972636}
  m_LocalPosition: {x: -0.10911825, y: -0.032612264, z: 0.0107481545}
  m_LocalScale: {x: 1, y: 1, z: 1}
  m_Children:
  - {fileID: 1919429475382572230}
  m_Father: {fileID: 1919392390198777870}
  m_RootOrder: 1
  m_LocalEulerAnglesHint: {x: 0, y: 0, z: 0}
--- !u!1 &1924166364407266656
GameObject:
  m_ObjectHideFlags: 0
  m_CorrespondingSourceObject: {fileID: 0}
  m_PrefabInstance: {fileID: 0}
  m_PrefabAsset: {fileID: 0}
  serializedVersion: 6
  m_Component:
  - component: {fileID: 1919569105064461570}
  m_Layer: 0
  m_Name: ring_03_r
  m_TagString: Untagged
  m_Icon: {fileID: 0}
  m_NavMeshLayer: 0
  m_StaticEditorFlags: 0
  m_IsActive: 1
--- !u!4 &1919569105064461570
Transform:
  m_ObjectHideFlags: 0
  m_CorrespondingSourceObject: {fileID: 0}
  m_PrefabInstance: {fileID: 0}
  m_PrefabAsset: {fileID: 0}
  m_GameObject: {fileID: 1924166364407266656}
  m_LocalRotation: {x: -0.0020952122, y: -0.009489396, z: 0.0024848802, w: 0.9999497}
  m_LocalPosition: {x: 0.043161742, y: 0.0024542476, z: 0.0026255096}
  m_LocalScale: {x: 1, y: 1, z: 1}
  m_Children: []
  m_Father: {fileID: 1926800633051290982}
  m_RootOrder: 0
  m_LocalEulerAnglesHint: {x: 0, y: 0, z: 0}
--- !u!1 &1924173600691640124
GameObject:
  m_ObjectHideFlags: 0
  m_CorrespondingSourceObject: {fileID: 0}
  m_PrefabInstance: {fileID: 0}
  m_PrefabAsset: {fileID: 0}
  serializedVersion: 6
  m_Component:
  - component: {fileID: 1926832978568613168}
  m_Layer: 0
  m_Name: upperarm_r
  m_TagString: Untagged
  m_Icon: {fileID: 0}
  m_NavMeshLayer: 0
  m_StaticEditorFlags: 0
  m_IsActive: 1
--- !u!4 &1926832978568613168
Transform:
  m_ObjectHideFlags: 0
  m_CorrespondingSourceObject: {fileID: 0}
  m_PrefabInstance: {fileID: 0}
  m_PrefabAsset: {fileID: 0}
  m_GameObject: {fileID: 1924173600691640124}
  m_LocalRotation: {x: -0.016205123, y: 0.080947444, z: 0.10965116, w: 0.990536}
  m_LocalPosition: {x: 0.15521318, y: -0.00000010294632, z: -0.00000059972376}
  m_LocalScale: {x: 1, y: 1, z: 1}
  m_Children:
  - {fileID: 1919646645092153172}
  - {fileID: 1926771017600135200}
  m_Father: {fileID: 1926935677522161910}
  m_RootOrder: 0
  m_LocalEulerAnglesHint: {x: 0, y: 0, z: 0}
--- !u!1 &1924189248836705040
GameObject:
  m_ObjectHideFlags: 0
  m_CorrespondingSourceObject: {fileID: 0}
  m_PrefabInstance: {fileID: 0}
  m_PrefabAsset: {fileID: 0}
  serializedVersion: 6
  m_Component:
  - component: {fileID: 1926955507835387644}
  m_Layer: 0
  m_Name: Tail03
  m_TagString: Untagged
  m_Icon: {fileID: 0}
  m_NavMeshLayer: 0
  m_StaticEditorFlags: 0
  m_IsActive: 1
--- !u!4 &1926955507835387644
Transform:
  m_ObjectHideFlags: 0
  m_CorrespondingSourceObject: {fileID: 0}
  m_PrefabInstance: {fileID: 0}
  m_PrefabAsset: {fileID: 0}
  m_GameObject: {fileID: 1924189248836705040}
  m_LocalRotation: {x: 0, y: 0, z: 0.19303113, w: 0.98119265}
  m_LocalPosition: {x: -0.20047836, y: 5.32907e-16, z: 2.0167153e-17}
  m_LocalScale: {x: 1, y: 1, z: 1}
  m_Children:
  - {fileID: 1919128025511951080}
  m_Father: {fileID: 1926425190971523282}
  m_RootOrder: 0
  m_LocalEulerAnglesHint: {x: 0, y: 0, z: 0}
--- !u!1 &1924223883224892732
GameObject:
  m_ObjectHideFlags: 0
  m_CorrespondingSourceObject: {fileID: 0}
  m_PrefabInstance: {fileID: 0}
  m_PrefabAsset: {fileID: 0}
  serializedVersion: 6
  m_Component:
  - component: {fileID: 1919611923508785484}
  m_Layer: 0
  m_Name: neck_01
  m_TagString: Untagged
  m_Icon: {fileID: 0}
  m_NavMeshLayer: 0
  m_StaticEditorFlags: 0
  m_IsActive: 1
--- !u!4 &1919611923508785484
Transform:
  m_ObjectHideFlags: 0
  m_CorrespondingSourceObject: {fileID: 0}
  m_PrefabInstance: {fileID: 0}
  m_PrefabAsset: {fileID: 0}
  m_GameObject: {fileID: 1924223883224892732}
  m_LocalRotation: {x: -4.4965862e-17, y: -4.0178776e-18, z: 0.13197342, w: 0.99125326}
  m_LocalPosition: {x: -0.15768303, y: -0.023169318, z: 4.8567466e-17}
  m_LocalScale: {x: 1, y: 1, z: 1}
  m_Children:
  - {fileID: 1926705612201687274}
  m_Father: {fileID: 1926752541551478760}
  m_RootOrder: 2
  m_LocalEulerAnglesHint: {x: 0, y: 0, z: 0}
--- !u!1 &1924253469025637794
GameObject:
  m_ObjectHideFlags: 0
  m_CorrespondingSourceObject: {fileID: 0}
  m_PrefabInstance: {fileID: 0}
  m_PrefabAsset: {fileID: 0}
  serializedVersion: 6
  m_Component:
  - component: {fileID: 1919602152433885840}
  m_Layer: 0
  m_Name: Rabit02_r
  m_TagString: Untagged
  m_Icon: {fileID: 0}
  m_NavMeshLayer: 0
  m_StaticEditorFlags: 0
  m_IsActive: 1
--- !u!4 &1919602152433885840
Transform:
  m_ObjectHideFlags: 0
  m_CorrespondingSourceObject: {fileID: 0}
  m_PrefabInstance: {fileID: 0}
  m_PrefabAsset: {fileID: 0}
  m_GameObject: {fileID: 1924253469025637794}
  m_LocalRotation: {x: 0, y: 0, z: -0.015549913, w: 0.9998791}
  m_LocalPosition: {x: 0.23753238, y: 0.0000011094004, z: -0.00000031643373}
  m_LocalScale: {x: 1, y: 1, z: 1}
  m_Children:
  - {fileID: 1926663409585829644}
  m_Father: {fileID: 1919102364307378104}
  m_RootOrder: 0
  m_LocalEulerAnglesHint: {x: 0, y: 0, z: 0}
--- !u!1 &1924276290824749906
GameObject:
  m_ObjectHideFlags: 0
  m_CorrespondingSourceObject: {fileID: 0}
  m_PrefabInstance: {fileID: 0}
  m_PrefabAsset: {fileID: 0}
  serializedVersion: 6
  m_Component:
  - component: {fileID: 1919392390198777870}
  m_Layer: 0
  m_Name: hand_l
  m_TagString: Untagged
  m_Icon: {fileID: 0}
  m_NavMeshLayer: 0
  m_StaticEditorFlags: 0
  m_IsActive: 1
--- !u!4 &1919392390198777870
Transform:
  m_ObjectHideFlags: 0
  m_CorrespondingSourceObject: {fileID: 0}
  m_PrefabInstance: {fileID: 0}
  m_PrefabAsset: {fileID: 0}
  m_GameObject: {fileID: 1924276290824749906}
  m_LocalRotation: {x: -0.70178133, y: 0.0026466702, z: -0.0007692234, w: 0.71238714}
  m_LocalPosition: {x: -0.18514626, y: -0.00482675, z: -0.00011951752}
  m_LocalScale: {x: 1, y: 1, z: 1}
  m_Children:
  - {fileID: 1919160536963004500}
  - {fileID: 1919224414594335598}
  - {fileID: 1926744025226765986}
  - {fileID: 1919253834737642066}
  m_Father: {fileID: 1919612455503209974}
  m_RootOrder: 0
  m_LocalEulerAnglesHint: {x: 0, y: 0, z: 0}
--- !u!1 &1924280807054556022
GameObject:
  m_ObjectHideFlags: 0
  m_CorrespondingSourceObject: {fileID: 0}
  m_PrefabInstance: {fileID: 0}
  m_PrefabAsset: {fileID: 0}
  serializedVersion: 6
  m_Component:
  - component: {fileID: 1919128025511951080}
  m_Layer: 0
  m_Name: Tail02
  m_TagString: Untagged
  m_Icon: {fileID: 0}
  m_NavMeshLayer: 0
  m_StaticEditorFlags: 0
  m_IsActive: 1
--- !u!4 &1919128025511951080
Transform:
  m_ObjectHideFlags: 0
  m_CorrespondingSourceObject: {fileID: 0}
  m_PrefabInstance: {fileID: 0}
  m_PrefabAsset: {fileID: 0}
  m_GameObject: {fileID: 1924280807054556022}
  m_LocalRotation: {x: 0, y: 0, z: -0.20674652, w: 0.97839457}
  m_LocalPosition: {x: -0.15309824, y: -3.1974422e-16, z: -1.01003724e-17}
  m_LocalScale: {x: 1, y: 1, z: 1}
  m_Children:
  - {fileID: 1919606151137502760}
  m_Father: {fileID: 1926955507835387644}
  m_RootOrder: 0
  m_LocalEulerAnglesHint: {x: 0, y: 0, z: 0}
--- !u!1 &1924282506147496390
GameObject:
  m_ObjectHideFlags: 0
  m_CorrespondingSourceObject: {fileID: 0}
  m_PrefabInstance: {fileID: 0}
  m_PrefabAsset: {fileID: 0}
  serializedVersion: 6
  m_Component:
  - component: {fileID: 1926460918225712126}
  m_Layer: 0
  m_Name: index_01_r
  m_TagString: Untagged
  m_Icon: {fileID: 0}
  m_NavMeshLayer: 0
  m_StaticEditorFlags: 0
  m_IsActive: 1
--- !u!4 &1926460918225712126
Transform:
  m_ObjectHideFlags: 0
  m_CorrespondingSourceObject: {fileID: 0}
  m_PrefabInstance: {fileID: 0}
  m_PrefabAsset: {fileID: 0}
  m_GameObject: {fileID: 1924282506147496390}
  m_LocalRotation: {x: 0.08184936, y: 0.0059013455, z: 0.010983809, w: 0.9965667}
  m_LocalPosition: {x: 0.106967345, y: 0.031950988, z: 0.045243192}
  m_LocalScale: {x: 1, y: 1, z: 1}
  m_Children:
  - {fileID: 1926663929868763122}
  m_Father: {fileID: 1919624882416174436}
  m_RootOrder: 0
  m_LocalEulerAnglesHint: {x: 0, y: 0, z: 0}
--- !u!1 &1924282708170048880
GameObject:
  m_ObjectHideFlags: 0
  m_CorrespondingSourceObject: {fileID: 0}
  m_PrefabInstance: {fileID: 0}
  m_PrefabAsset: {fileID: 0}
  serializedVersion: 6
  m_Component:
  - component: {fileID: 1926868560255957938}
  m_Layer: 0
  m_Name: foot_r
  m_TagString: Untagged
  m_Icon: {fileID: 0}
  m_NavMeshLayer: 0
  m_StaticEditorFlags: 0
  m_IsActive: 1
--- !u!4 &1926868560255957938
Transform:
  m_ObjectHideFlags: 0
  m_CorrespondingSourceObject: {fileID: 0}
  m_PrefabInstance: {fileID: 0}
  m_PrefabAsset: {fileID: 0}
  m_GameObject: {fileID: 1924282708170048880}
  m_LocalRotation: {x: 0.035594884, y: -0.032811232, z: -0.09361494, w: 0.99443084}
  m_LocalPosition: {x: -0.10713582, y: 0.0052269846, z: -0.0012694859}
  m_LocalScale: {x: 1, y: 1, z: 1}
  m_Children:
  - {fileID: 1926487807964339948}
  m_Father: {fileID: 1919341302260575134}
  m_RootOrder: 0
  m_LocalEulerAnglesHint: {x: 0, y: 0, z: 0}
--- !u!1 &1924283768648900456
GameObject:
  m_ObjectHideFlags: 0
  m_CorrespondingSourceObject: {fileID: 0}
  m_PrefabInstance: {fileID: 0}
  m_PrefabAsset: {fileID: 0}
  serializedVersion: 6
  m_Component:
  - component: {fileID: 1926836694547110962}
  m_Layer: 0
  m_Name: pelvis
  m_TagString: Untagged
  m_Icon: {fileID: 0}
  m_NavMeshLayer: 0
  m_StaticEditorFlags: 0
  m_IsActive: 1
--- !u!4 &1926836694547110962
Transform:
  m_ObjectHideFlags: 0
  m_CorrespondingSourceObject: {fileID: 0}
  m_PrefabInstance: {fileID: 0}
  m_PrefabAsset: {fileID: 0}
  m_GameObject: {fileID: 1924283768648900456}
  m_LocalRotation: {x: 0.0019436182, y: 0.70710415, z: 0.0019436182, w: 0.70710415}
  m_LocalPosition: {x: 7.33889e-17, y: 0.023199638, z: 0.2717067}
  m_LocalScale: {x: 1, y: 1, z: 1}
  m_Children:
  - {fileID: 1919338920591921432}
  - {fileID: 1926416837602221960}
  - {fileID: 1926422113589812874}
  - {fileID: 1919444902038380636}
  - {fileID: 1919560928506072006}
  - {fileID: 1919337658479153502}
  m_Father: {fileID: 1926826953541004656}
  m_RootOrder: 0
  m_LocalEulerAnglesHint: {x: 0, y: 0, z: 0}
--- !u!1 &1924284602024522466
GameObject:
  m_ObjectHideFlags: 0
  m_CorrespondingSourceObject: {fileID: 0}
  m_PrefabInstance: {fileID: 0}
  m_PrefabAsset: {fileID: 0}
  serializedVersion: 6
  m_Component:
  - component: {fileID: 1926881525429421728}
  m_Layer: 0
  m_Name: thumb_01_r
  m_TagString: Untagged
  m_Icon: {fileID: 0}
  m_NavMeshLayer: 0
  m_StaticEditorFlags: 0
  m_IsActive: 1
--- !u!4 &1926881525429421728
Transform:
  m_ObjectHideFlags: 0
  m_CorrespondingSourceObject: {fileID: 0}
  m_PrefabInstance: {fileID: 0}
  m_PrefabAsset: {fileID: 0}
  m_GameObject: {fileID: 1924284602024522466}
  m_LocalRotation: {x: 0.5163034, y: -0.48260537, z: 0.112008244, w: 0.6985535}
  m_LocalPosition: {x: 0.047104906, y: -0.023203561, z: 0.056340273}
  m_LocalScale: {x: 1, y: 1, z: 1}
  m_Children:
  - {fileID: 1919116961913480238}
  m_Father: {fileID: 1919624882416174436}
  m_RootOrder: 2
  m_LocalEulerAnglesHint: {x: 0, y: 0, z: 0}
--- !u!1 &1924290197983231822
GameObject:
  m_ObjectHideFlags: 0
  m_CorrespondingSourceObject: {fileID: 0}
  m_PrefabInstance: {fileID: 0}
  m_PrefabAsset: {fileID: 0}
  serializedVersion: 6
  m_Component:
  - component: {fileID: 1919362090894629852}
  - component: {fileID: 1969659053634168172}
  m_Layer: 0
  m_Name: Rat
  m_TagString: Untagged
  m_Icon: {fileID: 0}
  m_NavMeshLayer: 0
  m_StaticEditorFlags: 0
  m_IsActive: 1
--- !u!4 &1919362090894629852
Transform:
  m_ObjectHideFlags: 0
  m_CorrespondingSourceObject: {fileID: 0}
  m_PrefabInstance: {fileID: 0}
  m_PrefabAsset: {fileID: 0}
  m_GameObject: {fileID: 1924290197983231822}
  m_LocalRotation: {x: -0.7071068, y: 0, z: -0, w: 0.7071068}
  m_LocalPosition: {x: -0, y: 0.4321675, z: -1.0839412}
  m_LocalScale: {x: 1, y: 1, z: 1}
  m_Children: []
  m_Father: {fileID: 1919410511652385230}
  m_RootOrder: 1
  m_LocalEulerAnglesHint: {x: 0, y: 0, z: 0}
--- !u!137 &1969659053634168172
SkinnedMeshRenderer:
  m_ObjectHideFlags: 0
  m_CorrespondingSourceObject: {fileID: 0}
  m_PrefabInstance: {fileID: 0}
  m_PrefabAsset: {fileID: 0}
  m_GameObject: {fileID: 1924290197983231822}
  m_Enabled: 1
  m_CastShadows: 1
  m_ReceiveShadows: 1
  m_DynamicOccludee: 1
  m_MotionVectors: 1
  m_LightProbeUsage: 1
  m_ReflectionProbeUsage: 1
  m_RenderingLayerMask: 1
  m_RendererPriority: 0
  m_Materials:
  - {fileID: 2100000, guid: da05e49adf02c134f88f541992ee78d2, type: 2}
  m_StaticBatchInfo:
    firstSubMesh: 0
    subMeshCount: 0
  m_StaticBatchRoot: {fileID: 0}
  m_ProbeAnchor: {fileID: 0}
  m_LightProbeVolumeOverride: {fileID: 0}
  m_ScaleInLightmap: 1
  m_PreserveUVs: 0
  m_IgnoreNormalsForChartDetection: 0
  m_ImportantGI: 0
  m_StitchLightmapSeams: 0
  m_SelectedEditorRenderState: 3
  m_MinimumChartSize: 4
  m_AutoUVMaxDistance: 0.5
  m_AutoUVMaxAngle: 89
  m_LightmapParameters: {fileID: 0}
  m_SortingLayerID: 0
  m_SortingLayer: 0
  m_SortingOrder: 0
  serializedVersion: 2
  m_Quality: 0
  m_UpdateWhenOffscreen: 0
  m_SkinnedMotionVectors: 1
  m_Mesh: {fileID: 4300002, guid: d9a1483b77bf10e4e851678ab6c2e54e, type: 3}
  m_Bones:
  - {fileID: 1926826953541004656}
  - {fileID: 1926836694547110962}
  - {fileID: 1926416837602221960}
  - {fileID: 1926539352939548756}
  - {fileID: 1926752541551478760}
  - {fileID: 1919611923508785484}
  - {fileID: 1926705612201687274}
  - {fileID: 1919140883359624020}
  - {fileID: 1919513845466283808}
  - {fileID: 1926462029689696006}
  - {fileID: 1926909869825269444}
  - {fileID: 1919328013920393356}
  - {fileID: 1919107534204352012}
  - {fileID: 1926684095588884446}
  - {fileID: 1919413544419684232}
  - {fileID: 1919645360353900190}
  - {fileID: 1926920130432687960}
  - {fileID: 1926734104585232834}
  - {fileID: 1919556347791653094}
  - {fileID: 1919223882894321612}
  - {fileID: 1919521115593348524}
  - {fileID: 1926843352174359242}
  - {fileID: 1919102364307378104}
  - {fileID: 1919602152433885840}
  - {fileID: 1926663409585829644}
  - {fileID: 1919192171952359044}
  - {fileID: 1919171367758528962}
  - {fileID: 1919612455503209974}
  - {fileID: 1919392390198777870}
  - {fileID: 1926744025226765986}
  - {fileID: 1919188257973134704}
  - {fileID: 1926845676154823866}
  - {fileID: 1919160536963004500}
  - {fileID: 1919655933558008474}
  - {fileID: 1926672705282423752}
  - {fileID: 1919224414594335598}
  - {fileID: 1919429475382572230}
  - {fileID: 1919414873996298880}
  - {fileID: 1926699622080305178}
  - {fileID: 1926935677522161910}
  - {fileID: 1926832978568613168}
  - {fileID: 1919646645092153172}
  - {fileID: 1919624882416174436}
  - {fileID: 1926881525429421728}
  - {fileID: 1919116961913480238}
  - {fileID: 1926538997591091802}
  - {fileID: 1926460918225712126}
  - {fileID: 1926663929868763122}
  - {fileID: 1926439506617596142}
  - {fileID: 1919199357855679220}
  - {fileID: 1926800633051290982}
  - {fileID: 1919569105064461570}
  - {fileID: 1926771017600135200}
  - {fileID: 1919444902038380636}
  - {fileID: 1919640910787943044}
  - {fileID: 1926950645895023976}
  - {fileID: 1919431687120621732}
  - {fileID: 1926422113589812874}
  - {fileID: 1926425190971523282}
  - {fileID: 1926955507835387644}
  - {fileID: 1919128025511951080}
  - {fileID: 1919606151137502760}
  - {fileID: 1919338920591921432}
  - {fileID: 1919337658479153502}
  - {fileID: 1919560928506072006}
  - {fileID: 1919341302260575134}
  - {fileID: 1926868560255957938}
  - {fileID: 1926487807964339948}
  m_BlendShapeWeights: []
  m_RootBone: {fileID: 1926826953541004656}
  m_AABB:
    m_Center: {x: 0.00000011920929, y: 0.30190188, z: 0.8055754}
    m_Extent: {x: 0.5016712, y: 0.7109763, z: 0.5906284}
  m_DirtyAABB: 0
--- !u!1 &1924323533147424872
GameObject:
  m_ObjectHideFlags: 0
  m_CorrespondingSourceObject: {fileID: 0}
  m_PrefabInstance: {fileID: 0}
  m_PrefabAsset: {fileID: 0}
  serializedVersion: 6
  m_Component:
  - component: {fileID: 1926663929868763122}
  m_Layer: 0
  m_Name: index_02_r
  m_TagString: Untagged
  m_Icon: {fileID: 0}
  m_NavMeshLayer: 0
  m_StaticEditorFlags: 0
  m_IsActive: 1
--- !u!4 &1926663929868763122
Transform:
  m_ObjectHideFlags: 0
  m_CorrespondingSourceObject: {fileID: 0}
  m_PrefabInstance: {fileID: 0}
  m_PrefabAsset: {fileID: 0}
  m_GameObject: {fileID: 1924323533147424872}
  m_LocalRotation: {x: 0.0069556003, y: 0.003193588, z: -0.052581947, w: 0.9985873}
  m_LocalPosition: {x: 0.060072105, y: -0.0046781716, z: -0.0034517753}
  m_LocalScale: {x: 1, y: 1, z: 1}
  m_Children:
  - {fileID: 1926439506617596142}
  m_Father: {fileID: 1926460918225712126}
  m_RootOrder: 0
  m_LocalEulerAnglesHint: {x: 0, y: 0, z: 0}
--- !u!1 &1924340532000752052
GameObject:
  m_ObjectHideFlags: 0
  m_CorrespondingSourceObject: {fileID: 0}
  m_PrefabInstance: {fileID: 0}
  m_PrefabAsset: {fileID: 0}
  serializedVersion: 6
  m_Component:
  - component: {fileID: 1919645360353900190}
  m_Layer: 0
  m_Name: Rabit02_l
  m_TagString: Untagged
  m_Icon: {fileID: 0}
  m_NavMeshLayer: 0
  m_StaticEditorFlags: 0
  m_IsActive: 1
--- !u!4 &1919645360353900190
Transform:
  m_ObjectHideFlags: 0
  m_CorrespondingSourceObject: {fileID: 0}
  m_PrefabInstance: {fileID: 0}
  m_PrefabAsset: {fileID: 0}
  m_GameObject: {fileID: 1924340532000752052}
  m_LocalRotation: {x: 0, y: 0, z: -0.015549913, w: 0.9998791}
  m_LocalPosition: {x: -0.23753135, y: 8.5265126e-16, z: 1.4210854e-16}
  m_LocalScale: {x: 1, y: 1, z: 1}
  m_Children:
  - {fileID: 1926920130432687960}
  m_Father: {fileID: 1919413544419684232}
  m_RootOrder: 0
  m_LocalEulerAnglesHint: {x: 0, y: 0, z: 0}
--- !u!1 &1924388920193740638
GameObject:
  m_ObjectHideFlags: 0
  m_CorrespondingSourceObject: {fileID: 0}
  m_PrefabInstance: {fileID: 0}
  m_PrefabAsset: {fileID: 0}
  serializedVersion: 6
  m_Component:
  - component: {fileID: 1926935677522161910}
  m_Layer: 0
  m_Name: clavicle_r
  m_TagString: Untagged
  m_Icon: {fileID: 0}
  m_NavMeshLayer: 0
  m_StaticEditorFlags: 0
  m_IsActive: 1
--- !u!4 &1926935677522161910
Transform:
  m_ObjectHideFlags: 0
  m_CorrespondingSourceObject: {fileID: 0}
  m_PrefabInstance: {fileID: 0}
  m_PrefabAsset: {fileID: 0}
  m_GameObject: {fileID: 1924388920193740638}
  m_LocalRotation: {x: 0.7459689, y: 0.15998697, z: 0.64623725, w: 0.01766271}
  m_LocalPosition: {x: -0.089773625, y: -0.038877536, z: 0.106422}
  m_LocalScale: {x: 1, y: 1, z: 1}
  m_Children:
  - {fileID: 1926832978568613168}
  m_Father: {fileID: 1926752541551478760}
  m_RootOrder: 1
  m_LocalEulerAnglesHint: {x: 0, y: 0, z: 0}
--- !u!1 &1924419075606741740
GameObject:
  m_ObjectHideFlags: 0
  m_CorrespondingSourceObject: {fileID: 0}
  m_PrefabInstance: {fileID: 0}
  m_PrefabAsset: {fileID: 0}
  serializedVersion: 6
  m_Component:
  - component: {fileID: 1919107534204352012}
  m_Layer: 0
  m_Name: Dog02_l
  m_TagString: Untagged
  m_Icon: {fileID: 0}
  m_NavMeshLayer: 0
  m_StaticEditorFlags: 0
  m_IsActive: 1
--- !u!4 &1919107534204352012
Transform:
  m_ObjectHideFlags: 0
  m_CorrespondingSourceObject: {fileID: 0}
  m_PrefabInstance: {fileID: 0}
  m_PrefabAsset: {fileID: 0}
  m_GameObject: {fileID: 1924419075606741740}
  m_LocalRotation: {x: 0.082184434, y: 0.70231456, z: 0.082184434, w: 0.70231456}
  m_LocalPosition: {x: -0, y: 1.0658141e-16, z: 0.09881902}
  m_LocalScale: {x: 1, y: 1, z: 1}
  m_Children:
  - {fileID: 1926684095588884446}
  m_Father: {fileID: 1919328013920393356}
  m_RootOrder: 0
  m_LocalEulerAnglesHint: {x: 0, y: 0, z: 0}
--- !u!1 &1924437637445740166
GameObject:
  m_ObjectHideFlags: 0
  m_CorrespondingSourceObject: {fileID: 0}
  m_PrefabInstance: {fileID: 0}
  m_PrefabAsset: {fileID: 0}
  serializedVersion: 6
  m_Component:
  - component: {fileID: 1926771017600135200}
  m_Layer: 0
  m_Name: ShoulderPad_r
  m_TagString: Untagged
  m_Icon: {fileID: 0}
  m_NavMeshLayer: 0
  m_StaticEditorFlags: 0
  m_IsActive: 1
--- !u!4 &1926771017600135200
Transform:
  m_ObjectHideFlags: 0
  m_CorrespondingSourceObject: {fileID: 0}
  m_PrefabInstance: {fileID: 0}
  m_PrefabAsset: {fileID: 0}
  m_GameObject: {fileID: 1924437637445740166}
  m_LocalRotation: {x: 0.000000010536235, y: 1.00257296e-10, z: 0.009515045, w: 0.99995476}
  m_LocalPosition: {x: 0.081999995, y: -0.002, z: -0.083}
  m_LocalScale: {x: 1, y: 1, z: 1}
  m_Children: []
  m_Father: {fileID: 1926832978568613168}
  m_RootOrder: 1
  m_LocalEulerAnglesHint: {x: 0, y: 0, z: 0}
--- !u!1 &1924635600574372618
GameObject:
  m_ObjectHideFlags: 0
  m_CorrespondingSourceObject: {fileID: 0}
  m_PrefabInstance: {fileID: 0}
  m_PrefabAsset: {fileID: 0}
  serializedVersion: 6
  m_Component:
  - component: {fileID: 1919223882894321612}
  m_Layer: 0
  m_Name: Dog01_r
  m_TagString: Untagged
  m_Icon: {fileID: 0}
  m_NavMeshLayer: 0
  m_StaticEditorFlags: 0
  m_IsActive: 1
--- !u!4 &1919223882894321612
Transform:
  m_ObjectHideFlags: 0
  m_CorrespondingSourceObject: {fileID: 0}
  m_PrefabInstance: {fileID: 0}
  m_PrefabAsset: {fileID: 0}
  m_GameObject: {fileID: 1924635600574372618}
  m_LocalRotation: {x: 0.7555581, y: 0.01143154, z: 0.654907, w: -0.009908698}
  m_LocalPosition: {x: -0.18350002, y: 0.0813874, z: 0.103089}
  m_LocalScale: {x: 1, y: 1, z: 1}
  m_Children:
  - {fileID: 1919521115593348524}
  m_Father: {fileID: 1926705612201687274}
  m_RootOrder: 1
  m_LocalEulerAnglesHint: {x: 0, y: 0, z: 0}
--- !u!1 &1924648204968835376
GameObject:
  m_ObjectHideFlags: 0
  m_CorrespondingSourceObject: {fileID: 0}
  m_PrefabInstance: {fileID: 0}
  m_PrefabAsset: {fileID: 0}
  serializedVersion: 6
  m_Component:
  - component: {fileID: 1926705612201687274}
  m_Layer: 0
  m_Name: head
  m_TagString: Untagged
  m_Icon: {fileID: 0}
  m_NavMeshLayer: 0
  m_StaticEditorFlags: 0
  m_IsActive: 1
--- !u!4 &1926705612201687274
Transform:
  m_ObjectHideFlags: 0
  m_CorrespondingSourceObject: {fileID: 0}
  m_PrefabInstance: {fileID: 0}
  m_PrefabAsset: {fileID: 0}
  m_GameObject: {fileID: 1924648204968835376}
  m_LocalRotation: {x: 0, y: 0, z: -0.040376835, w: 0.99918455}
  m_LocalPosition: {x: -0.18595001, y: -0.024134459, z: 5.84891e-17}
  m_LocalScale: {x: 1, y: 1, z: 1}
  m_Children:
  - {fileID: 1919328013920393356}
  - {fileID: 1919223882894321612}
  - {fileID: 1919140883359624020}
  - {fileID: 1919413544419684232}
  - {fileID: 1919102364307378104}
  - {fileID: 1926462029689696006}
  - {fileID: 1926734104585232834}
  m_Father: {fileID: 1919611923508785484}
  m_RootOrder: 0
  m_LocalEulerAnglesHint: {x: 0, y: 0, z: 0}
--- !u!1 &1924652026145017692
GameObject:
  m_ObjectHideFlags: 0
  m_CorrespondingSourceObject: {fileID: 0}
  m_PrefabInstance: {fileID: 0}
  m_PrefabAsset: {fileID: 0}
  serializedVersion: 6
  m_Component:
  - component: {fileID: 1919624882416174436}
  m_Layer: 0
  m_Name: hand_r
  m_TagString: Untagged
  m_Icon: {fileID: 0}
  m_NavMeshLayer: 0
  m_StaticEditorFlags: 0
  m_IsActive: 1
--- !u!4 &1919624882416174436
Transform:
  m_ObjectHideFlags: 0
  m_CorrespondingSourceObject: {fileID: 0}
  m_PrefabInstance: {fileID: 0}
  m_PrefabAsset: {fileID: 0}
  m_GameObject: {fileID: 1924652026145017692}
  m_LocalRotation: {x: -0.70176476, y: 0.0026466139, z: -0.00076921494, w: 0.7124034}
  m_LocalPosition: {x: 0.1851453, y: 0.004826761, z: 0.00012}
  m_LocalScale: {x: 1, y: 1, z: 1}
  m_Children:
  - {fileID: 1926460918225712126}
  - {fileID: 1919199357855679220}
  - {fileID: 1926881525429421728}
  - {fileID: 1926417822672750522}
  m_Father: {fileID: 1919646645092153172}
  m_RootOrder: 0
  m_LocalEulerAnglesHint: {x: 0, y: 0, z: 0}
--- !u!1 &1924726030626941498
GameObject:
  m_ObjectHideFlags: 0
  m_CorrespondingSourceObject: {fileID: 0}
  m_PrefabInstance: {fileID: 0}
  m_PrefabAsset: {fileID: 0}
  serializedVersion: 6
  m_Component:
  - component: {fileID: 1919341302260575134}
  m_Layer: 0
  m_Name: calf_r
  m_TagString: Untagged
  m_Icon: {fileID: 0}
  m_NavMeshLayer: 0
  m_StaticEditorFlags: 0
  m_IsActive: 1
--- !u!4 &1919341302260575134
Transform:
  m_ObjectHideFlags: 0
  m_CorrespondingSourceObject: {fileID: 0}
  m_PrefabInstance: {fileID: 0}
  m_PrefabAsset: {fileID: 0}
  m_GameObject: {fileID: 1924726030626941498}
  m_LocalRotation: {x: -0.024624275, y: -0.0030814162, z: 0.0982936, w: 0.994848}
  m_LocalPosition: {x: -0.10403116, y: 0.0036480732, z: -0.00085796614}
  m_LocalScale: {x: 1, y: 1, z: 1}
  m_Children:
  - {fileID: 1926868560255957938}
  m_Father: {fileID: 1919560928506072006}
  m_RootOrder: 0
  m_LocalEulerAnglesHint: {x: 0, y: 0, z: 0}
--- !u!1 &1924730809152115056
GameObject:
  m_ObjectHideFlags: 0
  m_CorrespondingSourceObject: {fileID: 0}
  m_PrefabInstance: {fileID: 0}
  m_PrefabAsset: {fileID: 0}
  serializedVersion: 6
  m_Component:
  - component: {fileID: 1919160536963004500}
  m_Layer: 0
  m_Name: index_01_l
  m_TagString: Untagged
  m_Icon: {fileID: 0}
  m_NavMeshLayer: 0
  m_StaticEditorFlags: 0
  m_IsActive: 1
--- !u!4 &1919160536963004500
Transform:
  m_ObjectHideFlags: 0
  m_CorrespondingSourceObject: {fileID: 0}
  m_PrefabInstance: {fileID: 0}
  m_PrefabAsset: {fileID: 0}
  m_GameObject: {fileID: 1924730809152115056}
  m_LocalRotation: {x: 0.08184936, y: 0.0059013455, z: 0.010983809, w: 0.9965667}
  m_LocalPosition: {x: -0.106966905, y: -0.031950507, z: -0.04524321}
  m_LocalScale: {x: 1, y: 1, z: 1}
  m_Children:
  - {fileID: 1919655933558008474}
  m_Father: {fileID: 1919392390198777870}
  m_RootOrder: 0
  m_LocalEulerAnglesHint: {x: 0, y: 0, z: 0}
--- !u!1 &1924736288996222134
GameObject:
  m_ObjectHideFlags: 0
  m_CorrespondingSourceObject: {fileID: 0}
  m_PrefabInstance: {fileID: 0}
  m_PrefabAsset: {fileID: 0}
  serializedVersion: 6
  m_Component:
  - component: {fileID: 1919102364307378104}
  m_Layer: 0
  m_Name: Rabit01_r
  m_TagString: Untagged
  m_Icon: {fileID: 0}
  m_NavMeshLayer: 0
  m_StaticEditorFlags: 0
  m_IsActive: 1
--- !u!4 &1919102364307378104
Transform:
  m_ObjectHideFlags: 0
  m_CorrespondingSourceObject: {fileID: 0}
  m_PrefabInstance: {fileID: 0}
  m_PrefabAsset: {fileID: 0}
  m_GameObject: {fileID: 1924736288996222134}
  m_LocalRotation: {x: 0.16266909, y: -0.08705785, z: 0.86653847, w: 0.4637573}
  m_LocalPosition: {x: -0.14943, y: 0.118529506, z: 0.0871735}
  m_LocalScale: {x: 1, y: 1, z: 1}
  m_Children:
  - {fileID: 1919602152433885840}
  m_Father: {fileID: 1926705612201687274}
  m_RootOrder: 4
  m_LocalEulerAnglesHint: {x: 0, y: 0, z: 0}
--- !u!1 &1924743713372862734
GameObject:
  m_ObjectHideFlags: 0
  m_CorrespondingSourceObject: {fileID: 0}
  m_PrefabInstance: {fileID: 0}
  m_PrefabAsset: {fileID: 0}
  serializedVersion: 6
  m_Component:
  - component: {fileID: 1919116961913480238}
  m_Layer: 0
  m_Name: thumb_02_r
  m_TagString: Untagged
  m_Icon: {fileID: 0}
  m_NavMeshLayer: 0
  m_StaticEditorFlags: 0
  m_IsActive: 1
--- !u!4 &1919116961913480238
Transform:
  m_ObjectHideFlags: 0
  m_CorrespondingSourceObject: {fileID: 0}
  m_PrefabInstance: {fileID: 0}
  m_PrefabAsset: {fileID: 0}
  m_GameObject: {fileID: 1924743713372862734}
  m_LocalRotation: {x: 0.059159033, y: 0.056243908, z: -0.09454527, w: 0.99216837}
  m_LocalPosition: {x: 0.04241207, y: 0.0000001664043, z: -0.0000001201821}
  m_LocalScale: {x: 1, y: 1, z: 1}
  m_Children:
  - {fileID: 1926538997591091802}
  m_Father: {fileID: 1926881525429421728}
  m_RootOrder: 0
  m_LocalEulerAnglesHint: {x: 0, y: 0, z: 0}
--- !u!1 &1924745930936642282
GameObject:
  m_ObjectHideFlags: 0
  m_CorrespondingSourceObject: {fileID: 0}
  m_PrefabInstance: {fileID: 0}
  m_PrefabAsset: {fileID: 0}
  serializedVersion: 6
  m_Component:
  - component: {fileID: 1926422113589812874}
  m_Layer: 0
  m_Name: Tail05
  m_TagString: Untagged
  m_Icon: {fileID: 0}
  m_NavMeshLayer: 0
  m_StaticEditorFlags: 0
  m_IsActive: 1
--- !u!4 &1926422113589812874
Transform:
  m_ObjectHideFlags: 0
  m_CorrespondingSourceObject: {fileID: 0}
  m_PrefabInstance: {fileID: 0}
  m_PrefabAsset: {fileID: 0}
  m_GameObject: {fileID: 1924745930936642282}
  m_LocalRotation: {x: -0.6989689, y: 0.7151521, z: 2.0258609e-16, w: -1.9800177e-16}
  m_LocalPosition: {x: -0.02187072, y: 0.16057724, z: -7.600249e-17}
  m_LocalScale: {x: 1, y: 1, z: 1}
  m_Children:
  - {fileID: 1926425190971523282}
  m_Father: {fileID: 1926836694547110962}
  m_RootOrder: 2
  m_LocalEulerAnglesHint: {x: 0, y: 0, z: 0}
--- !u!1 &1924747739359626570
GameObject:
  m_ObjectHideFlags: 0
  m_CorrespondingSourceObject: {fileID: 0}
  m_PrefabInstance: {fileID: 0}
  m_PrefabAsset: {fileID: 0}
  serializedVersion: 6
  m_Component:
  - component: {fileID: 1919513845466283808}
  m_Layer: 0
  m_Name: Nose02
  m_TagString: Untagged
  m_Icon: {fileID: 0}
  m_NavMeshLayer: 0
  m_StaticEditorFlags: 0
  m_IsActive: 1
--- !u!4 &1919513845466283808
Transform:
  m_ObjectHideFlags: 0
  m_CorrespondingSourceObject: {fileID: 0}
  m_PrefabInstance: {fileID: 0}
  m_PrefabAsset: {fileID: 0}
  m_GameObject: {fileID: 1924747739359626570}
  m_LocalRotation: {x: -0.23048592, y: -0.6684881, z: -0.23048592, w: 0.6684881}
  m_LocalPosition: {x: -0.056590676, y: -1.4210854e-16, z: -1.8932661e-31}
  m_LocalScale: {x: 1, y: 1, z: 1}
  m_Children: []
  m_Father: {fileID: 1919140883359624020}
  m_RootOrder: 0
  m_LocalEulerAnglesHint: {x: 0, y: 0, z: 0}
--- !u!1 &1924749484900729582
GameObject:
  m_ObjectHideFlags: 0
  m_CorrespondingSourceObject: {fileID: 0}
  m_PrefabInstance: {fileID: 0}
  m_PrefabAsset: {fileID: 0}
  serializedVersion: 6
  m_Component:
  - component: {fileID: 1926800633051290982}
  m_Layer: 0
  m_Name: ring_02_r
  m_TagString: Untagged
  m_Icon: {fileID: 0}
  m_NavMeshLayer: 0
  m_StaticEditorFlags: 0
  m_IsActive: 1
--- !u!4 &1926800633051290982
Transform:
  m_ObjectHideFlags: 0
  m_CorrespondingSourceObject: {fileID: 0}
  m_PrefabInstance: {fileID: 0}
  m_PrefabAsset: {fileID: 0}
  m_GameObject: {fileID: 1924749484900729582}
  m_LocalRotation: {x: 0.017940473, y: 0.009724062, z: -0.01808565, w: 0.9996282}
  m_LocalPosition: {x: 0.05752217, y: 0.0022442776, z: 0.0006414931}
  m_LocalScale: {x: 1, y: 1, z: 1}
  m_Children:
  - {fileID: 1919569105064461570}
  m_Father: {fileID: 1919199357855679220}
  m_RootOrder: 0
  m_LocalEulerAnglesHint: {x: 0, y: 0, z: 0}
--- !u!1 &1924765782522966658
GameObject:
  m_ObjectHideFlags: 0
  m_CorrespondingSourceObject: {fileID: 0}
  m_PrefabInstance: {fileID: 0}
  m_PrefabAsset: {fileID: 0}
  serializedVersion: 6
  m_Component:
  - component: {fileID: 1919410511652385230}
  - component: {fileID: 2009072566646978484}
  - component: {fileID: 3790186887033115143}
  - component: {fileID: 387902842804418569}
  - component: {fileID: 1923803860046204094}
  - component: {fileID: 1923803860046204095}
  - component: {fileID: 1923803860046204092}
  - component: {fileID: 1923803860046204081}
  m_Layer: 0
  m_Name: PBRMouse
  m_TagString: Enemy
  m_Icon: {fileID: 0}
  m_NavMeshLayer: 0
  m_StaticEditorFlags: 0
  m_IsActive: 1
--- !u!4 &1919410511652385230
Transform:
  m_ObjectHideFlags: 0
  m_CorrespondingSourceObject: {fileID: 0}
  m_PrefabInstance: {fileID: 0}
  m_PrefabAsset: {fileID: 0}
  m_GameObject: {fileID: 1924765782522966658}
  m_LocalRotation: {x: -0, y: -0, z: -0, w: 1}
  m_LocalPosition: {x: -79.718834, y: 15.880234, z: 40.239723}
  m_LocalScale: {x: 1, y: 1, z: 1}
  m_Children:
  - {fileID: 1926711181273302784}
  - {fileID: 1919362090894629852}
  - {fileID: 1926826953541004656}
  m_Father: {fileID: 0}
  m_RootOrder: 0
  m_LocalEulerAnglesHint: {x: 0, y: 0, z: 0}
--- !u!95 &2009072566646978484
Animator:
  serializedVersion: 3
  m_ObjectHideFlags: 0
  m_CorrespondingSourceObject: {fileID: 0}
  m_PrefabInstance: {fileID: 0}
  m_PrefabAsset: {fileID: 0}
  m_GameObject: {fileID: 1924765782522966658}
  m_Enabled: 1
  m_Avatar: {fileID: 9000000, guid: d9a1483b77bf10e4e851678ab6c2e54e, type: 3}
  m_Controller: {fileID: 9100000, guid: b60dc9aa529b314489f628aa3b57c470, type: 2}
  m_CullingMode: 1
  m_UpdateMode: 0
  m_ApplyRootMotion: 0
  m_LinearVelocityBlending: 0
  m_WarningMessage: 
  m_HasTransformHierarchy: 1
  m_AllowConstantClipSamplingOptimization: 1
  m_KeepAnimatorControllerStateOnDisable: 0
--- !u!114 &3790186887033115143
MonoBehaviour:
  m_ObjectHideFlags: 0
  m_CorrespondingSourceObject: {fileID: 0}
  m_PrefabInstance: {fileID: 0}
  m_PrefabAsset: {fileID: 0}
  m_GameObject: {fileID: 1924765782522966658}
  m_Enabled: 1
  m_EditorHideFlags: 0
  m_Script: {fileID: 11500000, guid: 3987c312235f85943a2f7ed78c7ac46b, type: 3}
  m_Name: 
  m_EditorClassIdentifier: 
  timeBetweenAttacks: 0.5
  attackDamage: 20
--- !u!114 &387902842804418569
MonoBehaviour:
  m_ObjectHideFlags: 0
  m_CorrespondingSourceObject: {fileID: 0}
  m_PrefabInstance: {fileID: 0}
  m_PrefabAsset: {fileID: 0}
  m_GameObject: {fileID: 1924765782522966658}
  m_Enabled: 1
  m_EditorHideFlags: 0
  m_Script: {fileID: 11500000, guid: 0e90fc25dc4ff4a43b6a1592f2657bda, type: 3}
  m_Name: 
  m_EditorClassIdentifier: 
  state: 0
  life: 5
  radius: 6
  idleRadius: 6
  chaseRadius: 10
  targetMask:
    serializedVersion: 2
    m_Bits: 0
  targetDetected: 0
  stopAtEachNode: 1
  timeStopped: 1
  points: []
  explodeDistance: 3
  explosionRadius: 6
  explosionForce: 25
  explosionPS: {fileID: 0}
--- !u!54 &1923803860046204094
Rigidbody:
  m_ObjectHideFlags: 0
  m_CorrespondingSourceObject: {fileID: 0}
  m_PrefabInstance: {fileID: 0}
  m_PrefabAsset: {fileID: 0}
  m_GameObject: {fileID: 1924765782522966658}
  serializedVersion: 2
  m_Mass: 1
  m_Drag: 0
  m_AngularDrag: 0.05
  m_UseGravity: 1
  m_IsKinematic: 0
  m_Interpolate: 0
  m_Constraints: 0
  m_CollisionDetection: 0
--- !u!64 &1923803860046204095
MeshCollider:
  m_ObjectHideFlags: 0
  m_CorrespondingSourceObject: {fileID: 0}
  m_PrefabInstance: {fileID: 0}
  m_PrefabAsset: {fileID: 0}
  m_GameObject: {fileID: 1924765782522966658}
  m_Material: {fileID: 0}
  m_IsTrigger: 0
  m_Enabled: 1
  serializedVersion: 3
  m_Convex: 0
  m_CookingOptions: 14
  m_Mesh: {fileID: 0}
--- !u!136 &1923803860046204092
CapsuleCollider:
  m_ObjectHideFlags: 0
  m_CorrespondingSourceObject: {fileID: 0}
  m_PrefabInstance: {fileID: 0}
  m_PrefabAsset: {fileID: 0}
  m_GameObject: {fileID: 1924765782522966658}
  m_Material: {fileID: 0}
  m_IsTrigger: 1
  m_Enabled: 1
  m_Radius: 0.8766556
  m_Height: 1.8096771
  m_Direction: 1
  m_Center: {x: -0.038520813, y: 0.812233, z: 0}
--- !u!195 &1923803860046204081
NavMeshAgent:
  m_ObjectHideFlags: 0
  m_CorrespondingSourceObject: {fileID: 0}
  m_PrefabInstance: {fileID: 0}
  m_PrefabAsset: {fileID: 0}
  m_GameObject: {fileID: 1924765782522966658}
  m_Enabled: 1
  m_AgentTypeID: 0
  m_Radius: 0.5
  m_Speed: 6
  m_Acceleration: 8
  avoidancePriority: 50
  m_AngularSpeed: 120
  m_StoppingDistance: 0
  m_AutoTraverseOffMeshLink: 1
  m_AutoBraking: 1
  m_AutoRepath: 1
  m_Height: 2
  m_BaseOffset: 0
  m_WalkableMask: 4294967295
  m_ObstacleAvoidanceType: 4
--- !u!1 &1924782517094491826
GameObject:
  m_ObjectHideFlags: 0
  m_CorrespondingSourceObject: {fileID: 0}
  m_PrefabInstance: {fileID: 0}
  m_PrefabAsset: {fileID: 0}
  serializedVersion: 6
  m_Component:
  - component: {fileID: 1919328013920393356}
  m_Layer: 0
  m_Name: Dog01_l
  m_TagString: Untagged
  m_Icon: {fileID: 0}
  m_NavMeshLayer: 0
  m_StaticEditorFlags: 0
  m_IsActive: 1
--- !u!4 &1919328013920393356
Transform:
  m_ObjectHideFlags: 0
  m_CorrespondingSourceObject: {fileID: 0}
  m_PrefabInstance: {fileID: 0}
  m_PrefabAsset: {fileID: 0}
  m_GameObject: {fileID: 1924782517094491826}
  m_LocalRotation: {x: 0.01143154, y: -0.7555581, z: 0.009908698, w: 0.654907}
  m_LocalPosition: {x: -0.18350182, y: 0.08138738, z: -0.103089064}
  m_LocalScale: {x: 1, y: 1, z: 1}
  m_Children:
  - {fileID: 1919107534204352012}
  m_Father: {fileID: 1926705612201687274}
  m_RootOrder: 0
  m_LocalEulerAnglesHint: {x: 0, y: 0, z: 0}
--- !u!1 &1924786031156344600
GameObject:
  m_ObjectHideFlags: 0
  m_CorrespondingSourceObject: {fileID: 0}
  m_PrefabInstance: {fileID: 0}
  m_PrefabAsset: {fileID: 0}
  serializedVersion: 6
  m_Component:
  - component: {fileID: 1919521115593348524}
  m_Layer: 0
  m_Name: Dog02_r
  m_TagString: Untagged
  m_Icon: {fileID: 0}
  m_NavMeshLayer: 0
  m_StaticEditorFlags: 0
  m_IsActive: 1
--- !u!4 &1919521115593348524
Transform:
  m_ObjectHideFlags: 0
  m_CorrespondingSourceObject: {fileID: 0}
  m_PrefabInstance: {fileID: 0}
  m_PrefabAsset: {fileID: 0}
  m_GameObject: {fileID: 1924786031156344600}
  m_LocalRotation: {x: 0.082184434, y: 0.70231456, z: 0.082184434, w: 0.70231456}
  m_LocalPosition: {x: 0.00000038030342, y: 0.00000011595426, z: -0.09881613}
  m_LocalScale: {x: 1, y: 1, z: 1}
  m_Children:
  - {fileID: 1926843352174359242}
  m_Father: {fileID: 1919223882894321612}
  m_RootOrder: 0
  m_LocalEulerAnglesHint: {x: 0, y: 0, z: 0}
--- !u!1 &1924808491329265936
GameObject:
  m_ObjectHideFlags: 0
  m_CorrespondingSourceObject: {fileID: 0}
  m_PrefabInstance: {fileID: 0}
  m_PrefabAsset: {fileID: 0}
  serializedVersion: 6
  m_Component:
  - component: {fileID: 1919253834737642066}
  - component: {fileID: 1930411269300940766}
  - component: {fileID: 1937057069646754360}
  - component: {fileID: 1896417618647137980}
  m_Layer: 0
  m_Name: Shield01Free
  m_TagString: Untagged
  m_Icon: {fileID: 0}
  m_NavMeshLayer: 0
  m_StaticEditorFlags: 0
  m_IsActive: 1
--- !u!4 &1919253834737642066
Transform:
  m_ObjectHideFlags: 0
  m_CorrespondingSourceObject: {fileID: 0}
  m_PrefabInstance: {fileID: 0}
  m_PrefabAsset: {fileID: 0}
  m_GameObject: {fileID: 1924808491329265936}
  m_LocalRotation: {x: 0.70580983, y: -0.0022091705, z: 0.00031847254, w: 0.7083978}
  m_LocalPosition: {x: -0.10485296, y: 0.009752304, z: -0.00410721}
  m_LocalScale: {x: 1, y: 1, z: 1}
  m_Children: []
  m_Father: {fileID: 1919392390198777870}
  m_RootOrder: 3
  m_LocalEulerAnglesHint: {x: 0, y: 0, z: 0}
--- !u!33 &1930411269300940766
MeshFilter:
  m_ObjectHideFlags: 0
  m_CorrespondingSourceObject: {fileID: 0}
  m_PrefabInstance: {fileID: 0}
  m_PrefabAsset: {fileID: 0}
  m_GameObject: {fileID: 1924808491329265936}
  m_Mesh: {fileID: 4300000, guid: 588cb1a3084bba747b81631d0c071523, type: 3}
--- !u!23 &1937057069646754360
MeshRenderer:
  m_ObjectHideFlags: 0
  m_CorrespondingSourceObject: {fileID: 0}
  m_PrefabInstance: {fileID: 0}
  m_PrefabAsset: {fileID: 0}
  m_GameObject: {fileID: 1924808491329265936}
  m_Enabled: 1
  m_CastShadows: 1
  m_ReceiveShadows: 1
  m_DynamicOccludee: 1
  m_MotionVectors: 1
  m_LightProbeUsage: 1
  m_ReflectionProbeUsage: 1
  m_RenderingLayerMask: 1
  m_RendererPriority: 0
  m_Materials:
  - {fileID: 2100000, guid: da05e49adf02c134f88f541992ee78d2, type: 2}
  m_StaticBatchInfo:
    firstSubMesh: 0
    subMeshCount: 0
  m_StaticBatchRoot: {fileID: 0}
  m_ProbeAnchor: {fileID: 0}
  m_LightProbeVolumeOverride: {fileID: 0}
  m_ScaleInLightmap: 1
  m_PreserveUVs: 0
  m_IgnoreNormalsForChartDetection: 0
  m_ImportantGI: 0
  m_StitchLightmapSeams: 0
  m_SelectedEditorRenderState: 3
  m_MinimumChartSize: 4
  m_AutoUVMaxDistance: 0.5
  m_AutoUVMaxAngle: 89
  m_LightmapParameters: {fileID: 0}
  m_SortingLayerID: 0
  m_SortingLayer: 0
  m_SortingOrder: 0
--- !u!64 &1896417618647137980
MeshCollider:
  m_ObjectHideFlags: 0
  m_CorrespondingSourceObject: {fileID: 0}
  m_PrefabInstance: {fileID: 0}
  m_PrefabAsset: {fileID: 0}
  m_GameObject: {fileID: 1924808491329265936}
  m_Material: {fileID: 0}
  m_IsTrigger: 0
  m_Enabled: 1
  serializedVersion: 3
  m_Convex: 1
  m_CookingOptions: 14
  m_Mesh: {fileID: 4300000, guid: 588cb1a3084bba747b81631d0c071523, type: 3}
--- !u!1 &1924853688198522226
GameObject:
  m_ObjectHideFlags: 0
  m_CorrespondingSourceObject: {fileID: 0}
  m_PrefabInstance: {fileID: 0}
  m_PrefabAsset: {fileID: 0}
  serializedVersion: 6
  m_Component:
  - component: {fileID: 1926672705282423752}
  m_Layer: 0
  m_Name: index_03_l
  m_TagString: Untagged
  m_Icon: {fileID: 0}
  m_NavMeshLayer: 0
  m_StaticEditorFlags: 0
  m_IsActive: 1
--- !u!4 &1926672705282423752
Transform:
  m_ObjectHideFlags: 0
  m_CorrespondingSourceObject: {fileID: 0}
  m_PrefabInstance: {fileID: 0}
  m_PrefabAsset: {fileID: 0}
  m_GameObject: {fileID: 1924853688198522226}
  m_LocalRotation: {x: 0.014050877, y: -0.016224818, z: 0.014749223, w: 0.99966085}
  m_LocalPosition: {x: -0.039459866, y: -0.00060846546, z: 0.0011372627}
  m_LocalScale: {x: 1, y: 1, z: 1}
  m_Children: []
  m_Father: {fileID: 1919655933558008474}
  m_RootOrder: 0
  m_LocalEulerAnglesHint: {x: 0, y: 0, z: 0}
--- !u!1 &1924885631004969270
GameObject:
  m_ObjectHideFlags: 0
  m_CorrespondingSourceObject: {fileID: 0}
  m_PrefabInstance: {fileID: 0}
  m_PrefabAsset: {fileID: 0}
  serializedVersion: 6
  m_Component:
  - component: {fileID: 1919414873996298880}
  m_Layer: 0
  m_Name: ring_03_l
  m_TagString: Untagged
  m_Icon: {fileID: 0}
  m_NavMeshLayer: 0
  m_StaticEditorFlags: 0
  m_IsActive: 1
--- !u!4 &1919414873996298880
Transform:
  m_ObjectHideFlags: 0
  m_CorrespondingSourceObject: {fileID: 0}
  m_PrefabInstance: {fileID: 0}
  m_PrefabAsset: {fileID: 0}
  m_GameObject: {fileID: 1924885631004969270}
  m_LocalRotation: {x: -0.0020952122, y: -0.009489396, z: 0.0024848802, w: 0.9999497}
  m_LocalPosition: {x: -0.04316089, y: -0.0024548052, z: -0.0026254496}
  m_LocalScale: {x: 1, y: 1, z: 1}
  m_Children: []
  m_Father: {fileID: 1919429475382572230}
  m_RootOrder: 0
  m_LocalEulerAnglesHint: {x: 0, y: 0, z: 0}
--- !u!1 &1924905015496635646
GameObject:
  m_ObjectHideFlags: 0
  m_CorrespondingSourceObject: {fileID: 0}
  m_PrefabInstance: {fileID: 0}
  m_PrefabAsset: {fileID: 0}
  serializedVersion: 6
  m_Component:
  - component: {fileID: 1926684095588884446}
  m_Layer: 0
  m_Name: Dog03_l
  m_TagString: Untagged
  m_Icon: {fileID: 0}
  m_NavMeshLayer: 0
  m_StaticEditorFlags: 0
  m_IsActive: 1
--- !u!4 &1926684095588884446
Transform:
  m_ObjectHideFlags: 0
  m_CorrespondingSourceObject: {fileID: 0}
  m_PrefabInstance: {fileID: 0}
  m_PrefabAsset: {fileID: 0}
  m_GameObject: {fileID: 1924905015496635646}
  m_LocalRotation: {x: -0.082184434, y: -0.70231456, z: -0.082184434, w: 0.70231456}
  m_LocalPosition: {x: -0.1174944, y: 1.4210854e-16, z: -2.6645352e-17}
  m_LocalScale: {x: 1, y: 1, z: 1}
  m_Children: []
  m_Father: {fileID: 1919107534204352012}
  m_RootOrder: 0
  m_LocalEulerAnglesHint: {x: 0, y: 0, z: 0}
--- !u!1 &1924915281960864440
GameObject:
  m_ObjectHideFlags: 0
  m_CorrespondingSourceObject: {fileID: 0}
  m_PrefabInstance: {fileID: 0}
  m_PrefabAsset: {fileID: 0}
  serializedVersion: 6
  m_Component:
  - component: {fileID: 1926462029689696006}
  m_Layer: 0
  m_Name: Rat01_l
  m_TagString: Untagged
  m_Icon: {fileID: 0}
  m_NavMeshLayer: 0
  m_StaticEditorFlags: 0
  m_IsActive: 1
--- !u!4 &1926462029689696006
Transform:
  m_ObjectHideFlags: 0
  m_CorrespondingSourceObject: {fileID: 0}
  m_PrefabInstance: {fileID: 0}
  m_PrefabAsset: {fileID: 0}
  m_GameObject: {fileID: 1924915281960864440}
  m_LocalRotation: {x: -0.37457773, y: -0.6996655, z: 0.10231422, w: 0.5997429}
  m_LocalPosition: {x: -0.13691087, y: 0.07964638, z: -0.14902727}
  m_LocalScale: {x: 1, y: 1, z: 1}
  m_Children:
  - {fileID: 1926909869825269444}
  m_Father: {fileID: 1926705612201687274}
  m_RootOrder: 5
  m_LocalEulerAnglesHint: {x: 0, y: 0, z: 0}
--- !u!1 &1924940338183576246
GameObject:
  m_ObjectHideFlags: 0
  m_CorrespondingSourceObject: {fileID: 0}
  m_PrefabInstance: {fileID: 0}
  m_PrefabAsset: {fileID: 0}
  serializedVersion: 6
  m_Component:
  - component: {fileID: 1919431687120621732}
  m_Layer: 0
  m_Name: ball_l
  m_TagString: Untagged
  m_Icon: {fileID: 0}
  m_NavMeshLayer: 0
  m_StaticEditorFlags: 0
  m_IsActive: 1
--- !u!4 &1919431687120621732
Transform:
  m_ObjectHideFlags: 0
  m_CorrespondingSourceObject: {fileID: 0}
  m_PrefabInstance: {fileID: 0}
  m_PrefabAsset: {fileID: 0}
  m_GameObject: {fileID: 1924940338183576246}
  m_LocalRotation: {x: 0.0030611525, y: -0.008212709, z: 0.7100026, w: 0.70414454}
  m_LocalPosition: {x: 0.017557085, y: -0.12076911, z: -0.01977553}
  m_LocalScale: {x: 1, y: 1, z: 1}
  m_Children: []
  m_Father: {fileID: 1926950645895023976}
  m_RootOrder: 0
  m_LocalEulerAnglesHint: {x: 0, y: 0, z: 0}
--- !u!1 &1924944318025765156
GameObject:
  m_ObjectHideFlags: 0
  m_CorrespondingSourceObject: {fileID: 0}
  m_PrefabInstance: {fileID: 0}
  m_PrefabAsset: {fileID: 0}
  serializedVersion: 6
  m_Component:
  - component: {fileID: 1926950645895023976}
  m_Layer: 0
  m_Name: foot_l
  m_TagString: Untagged
  m_Icon: {fileID: 0}
  m_NavMeshLayer: 0
  m_StaticEditorFlags: 0
  m_IsActive: 1
--- !u!4 &1926950645895023976
Transform:
  m_ObjectHideFlags: 0
  m_CorrespondingSourceObject: {fileID: 0}
  m_PrefabInstance: {fileID: 0}
  m_PrefabAsset: {fileID: 0}
  m_GameObject: {fileID: 1924944318025765156}
  m_LocalRotation: {x: 0.035581596, y: -0.032810636, z: -0.09361462, w: 0.9944314}
  m_LocalPosition: {x: 0.10713632, y: -0.0052270168, z: 0.001269436}
  m_LocalScale: {x: 1, y: 1, z: 1}
  m_Children:
  - {fileID: 1919431687120621732}
  m_Father: {fileID: 1919640910787943044}
  m_RootOrder: 0
  m_LocalEulerAnglesHint: {x: 0, y: 0, z: 0}
--- !u!1 &1924953425134721832
GameObject:
  m_ObjectHideFlags: 0
  m_CorrespondingSourceObject: {fileID: 0}
  m_PrefabInstance: {fileID: 0}
  m_PrefabAsset: {fileID: 0}
  serializedVersion: 6
  m_Component:
  - component: {fileID: 1919188257973134704}
  m_Layer: 0
  m_Name: thumb_02_l
  m_TagString: Untagged
  m_Icon: {fileID: 0}
  m_NavMeshLayer: 0
  m_StaticEditorFlags: 0
  m_IsActive: 1
--- !u!4 &1919188257973134704
Transform:
  m_ObjectHideFlags: 0
  m_CorrespondingSourceObject: {fileID: 0}
  m_PrefabInstance: {fileID: 0}
  m_PrefabAsset: {fileID: 0}
  m_GameObject: {fileID: 1924953425134721832}
  m_LocalRotation: {x: 0.059159033, y: 0.056243908, z: -0.09454527, w: 0.99216837}
  m_LocalPosition: {x: -0.04241225, y: -1.2434498e-16, z: -1.4210854e-16}
  m_LocalScale: {x: 1, y: 1, z: 1}
  m_Children:
  - {fileID: 1926845676154823866}
  m_Father: {fileID: 1926744025226765986}
  m_RootOrder: 0
  m_LocalEulerAnglesHint: {x: 0, y: 0, z: 0}
--- !u!1 &1924961525439209050
GameObject:
  m_ObjectHideFlags: 0
  m_CorrespondingSourceObject: {fileID: 0}
  m_PrefabInstance: {fileID: 0}
  m_PrefabAsset: {fileID: 0}
  serializedVersion: 6
  m_Component:
  - component: {fileID: 1926909869825269444}
  m_Layer: 0
  m_Name: Rat02_l
  m_TagString: Untagged
  m_Icon: {fileID: 0}
  m_NavMeshLayer: 0
  m_StaticEditorFlags: 0
  m_IsActive: 1
--- !u!4 &1926909869825269444
Transform:
  m_ObjectHideFlags: 0
  m_CorrespondingSourceObject: {fileID: 0}
  m_PrefabInstance: {fileID: 0}
  m_PrefabAsset: {fileID: 0}
  m_GameObject: {fileID: 1924961525439209050}
  m_LocalRotation: {x: 0, y: -0, z: -0, w: 1}
  m_LocalPosition: {x: 0.009744652, y: 0.111690655, z: 0.12636532}
  m_LocalScale: {x: 1, y: 1, z: 1}
  m_Children: []
  m_Father: {fileID: 1926462029689696006}
  m_RootOrder: 0
  m_LocalEulerAnglesHint: {x: 0, y: 0, z: 0}
--- !u!1 &1924962925215107654
GameObject:
  m_ObjectHideFlags: 0
  m_CorrespondingSourceObject: {fileID: 0}
  m_PrefabInstance: {fileID: 0}
  m_PrefabAsset: {fileID: 0}
  serializedVersion: 6
  m_Component:
  - component: {fileID: 1926539352939548756}
  m_Layer: 0
  m_Name: spine_02
  m_TagString: Untagged
  m_Icon: {fileID: 0}
  m_NavMeshLayer: 0
  m_StaticEditorFlags: 0
  m_IsActive: 1
--- !u!4 &1926539352939548756
Transform:
  m_ObjectHideFlags: 0
  m_CorrespondingSourceObject: {fileID: 0}
  m_PrefabInstance: {fileID: 0}
  m_PrefabAsset: {fileID: 0}
  m_GameObject: {fileID: 1924962925215107654}
  m_LocalRotation: {x: 1.0348103e-18, y: -1.6696561e-16, z: -0.1185224, w: 0.9929514}
  m_LocalPosition: {x: -0.1186689, y: 0.020425145, z: 3.4389898e-17}
  m_LocalScale: {x: 1, y: 1, z: 1}
  m_Children:
  - {fileID: 1926752541551478760}
  m_Father: {fileID: 1926416837602221960}
  m_RootOrder: 0
  m_LocalEulerAnglesHint: {x: 0, y: 0, z: 0}
--- !u!1 &1924988595892278732
GameObject:
  m_ObjectHideFlags: 0
  m_CorrespondingSourceObject: {fileID: 0}
  m_PrefabInstance: {fileID: 0}
  m_PrefabAsset: {fileID: 0}
  serializedVersion: 6
  m_Component:
  - component: {fileID: 1919199357855679220}
  m_Layer: 0
  m_Name: ring_01_r
  m_TagString: Untagged
  m_Icon: {fileID: 0}
  m_NavMeshLayer: 0
  m_StaticEditorFlags: 0
  m_IsActive: 1
--- !u!4 &1919199357855679220
Transform:
  m_ObjectHideFlags: 0
  m_CorrespondingSourceObject: {fileID: 0}
  m_PrefabInstance: {fileID: 0}
  m_PrefabAsset: {fileID: 0}
  m_GameObject: {fileID: 1924988595892278732}
  m_LocalRotation: {x: -0.0022036482, y: 0.004168381, z: -0.022912893, w: 0.99972636}
  m_LocalPosition: {x: 0.10911854, y: 0.03261257, z: -0.010748135}
  m_LocalScale: {x: 1, y: 1, z: 1}
  m_Children:
  - {fileID: 1926800633051290982}
  m_Father: {fileID: 1919624882416174436}
  m_RootOrder: 1
  m_LocalEulerAnglesHint: {x: 0, y: 0, z: 0}
--- !u!1 &1925003661351771868
GameObject:
  m_ObjectHideFlags: 0
  m_CorrespondingSourceObject: {fileID: 0}
  m_PrefabInstance: {fileID: 0}
  m_PrefabAsset: {fileID: 0}
  serializedVersion: 6
  m_Component:
  - component: {fileID: 1919413544419684232}
  m_Layer: 0
  m_Name: Rabit01_l
  m_TagString: Untagged
  m_Icon: {fileID: 0}
  m_NavMeshLayer: 0
  m_StaticEditorFlags: 0
  m_IsActive: 1
--- !u!4 &1919413544419684232
Transform:
  m_ObjectHideFlags: 0
  m_CorrespondingSourceObject: {fileID: 0}
  m_PrefabInstance: {fileID: 0}
  m_PrefabAsset: {fileID: 0}
  m_GameObject: {fileID: 1925003661351771868}
  m_LocalRotation: {x: -0.08705785, y: -0.16266909, z: -0.4637573, w: 0.86653847}
  m_LocalPosition: {x: -0.1494289, y: 0.11852971, z: -0.08717348}
  m_LocalScale: {x: 1, y: 1, z: 1}
  m_Children:
  - {fileID: 1919645360353900190}
  m_Father: {fileID: 1926705612201687274}
  m_RootOrder: 3
  m_LocalEulerAnglesHint: {x: 0, y: 0, z: 0}
--- !u!1 &1925019053137973264
GameObject:
  m_ObjectHideFlags: 0
  m_CorrespondingSourceObject: {fileID: 0}
  m_PrefabInstance: {fileID: 0}
  m_PrefabAsset: {fileID: 0}
  serializedVersion: 6
  m_Component:
  - component: {fileID: 1926439506617596142}
  m_Layer: 0
  m_Name: index_03_r
  m_TagString: Untagged
  m_Icon: {fileID: 0}
  m_NavMeshLayer: 0
  m_StaticEditorFlags: 0
  m_IsActive: 1
--- !u!4 &1926439506617596142
Transform:
  m_ObjectHideFlags: 0
  m_CorrespondingSourceObject: {fileID: 0}
  m_PrefabInstance: {fileID: 0}
  m_PrefabAsset: {fileID: 0}
  m_GameObject: {fileID: 1925019053137973264}
  m_LocalRotation: {x: 0.014050877, y: -0.016224818, z: 0.014749223, w: 0.99966085}
  m_LocalPosition: {x: 0.039459746, y: 0.0006082239, z: -0.0011372312}
  m_LocalScale: {x: 1, y: 1, z: 1}
  m_Children: []
  m_Father: {fileID: 1926663929868763122}
  m_RootOrder: 0
  m_LocalEulerAnglesHint: {x: 0, y: 0, z: 0}
--- !u!1 &1925019959983461694
GameObject:
  m_ObjectHideFlags: 0
  m_CorrespondingSourceObject: {fileID: 0}
  m_PrefabInstance: {fileID: 0}
  m_PrefabAsset: {fileID: 0}
  serializedVersion: 6
  m_Component:
  - component: {fileID: 1919556347791653094}
  m_Layer: 0
  m_Name: Rat02_r
  m_TagString: Untagged
  m_Icon: {fileID: 0}
  m_NavMeshLayer: 0
  m_StaticEditorFlags: 0
  m_IsActive: 1
--- !u!4 &1919556347791653094
Transform:
  m_ObjectHideFlags: 0
  m_CorrespondingSourceObject: {fileID: 0}
  m_PrefabInstance: {fileID: 0}
  m_PrefabAsset: {fileID: 0}
  m_GameObject: {fileID: 1925019959983461694}
  m_LocalRotation: {x: 0, y: -0, z: -0, w: 1}
  m_LocalPosition: {x: -0.009744925, y: -0.11169093, z: -0.12636535}
  m_LocalScale: {x: 1, y: 1, z: 1}
  m_Children: []
  m_Father: {fileID: 1926734104585232834}
  m_RootOrder: 0
  m_LocalEulerAnglesHint: {x: 0, y: 0, z: 0}
--- !u!1 &1925045825738716416
GameObject:
  m_ObjectHideFlags: 0
  m_CorrespondingSourceObject: {fileID: 0}
  m_PrefabInstance: {fileID: 0}
  m_PrefabAsset: {fileID: 0}
  serializedVersion: 6
  m_Component:
  - component: {fileID: 1919612455503209974}
  m_Layer: 0
  m_Name: lowerarm_l
  m_TagString: Untagged
  m_Icon: {fileID: 0}
  m_NavMeshLayer: 0
  m_StaticEditorFlags: 0
  m_IsActive: 1
--- !u!4 &1919612455503209974
Transform:
  m_ObjectHideFlags: 0
  m_CorrespondingSourceObject: {fileID: 0}
  m_PrefabInstance: {fileID: 0}
  m_PrefabAsset: {fileID: 0}
  m_GameObject: {fileID: 1925045825738716416}
  m_LocalRotation: {x: 0, y: 0, z: 0.010152468, w: 0.9999485}
  m_LocalPosition: {x: -0.21140571, y: 0.0020677857, z: 4.2632563e-16}
  m_LocalScale: {x: 1, y: 1, z: 1}
  m_Children:
  - {fileID: 1919392390198777870}
  m_Father: {fileID: 1919171367758528962}
  m_RootOrder: 0
  m_LocalEulerAnglesHint: {x: 0, y: 0, z: 0}
--- !u!1 &1925055487538035434
GameObject:
  m_ObjectHideFlags: 0
  m_CorrespondingSourceObject: {fileID: 0}
  m_PrefabInstance: {fileID: 0}
  m_PrefabAsset: {fileID: 0}
  serializedVersion: 6
  m_Component:
  - component: {fileID: 1926711181273302784}
  - component: {fileID: 1970472686939425548}
  m_Layer: 0
  m_Name: Body1
  m_TagString: Untagged
  m_Icon: {fileID: 0}
  m_NavMeshLayer: 0
  m_StaticEditorFlags: 0
  m_IsActive: 1
--- !u!4 &1926711181273302784
Transform:
  m_ObjectHideFlags: 0
  m_CorrespondingSourceObject: {fileID: 0}
  m_PrefabInstance: {fileID: 0}
  m_PrefabAsset: {fileID: 0}
  m_GameObject: {fileID: 1925055487538035434}
  m_LocalRotation: {x: -0.7071068, y: 0, z: -0, w: 0.7071068}
  m_LocalPosition: {x: -0, y: 0, z: 0}
  m_LocalScale: {x: 1, y: 1, z: 1}
  m_Children: []
  m_Father: {fileID: 1919410511652385230}
  m_RootOrder: 0
  m_LocalEulerAnglesHint: {x: 0, y: 0, z: 0}
--- !u!137 &1970472686939425548
SkinnedMeshRenderer:
  m_ObjectHideFlags: 0
  m_CorrespondingSourceObject: {fileID: 0}
  m_PrefabInstance: {fileID: 0}
  m_PrefabAsset: {fileID: 0}
  m_GameObject: {fileID: 1925055487538035434}
  m_Enabled: 1
  m_CastShadows: 1
  m_ReceiveShadows: 1
  m_DynamicOccludee: 1
  m_MotionVectors: 1
  m_LightProbeUsage: 1
  m_ReflectionProbeUsage: 1
  m_RenderingLayerMask: 1
  m_RendererPriority: 0
  m_Materials:
  - {fileID: 2100000, guid: da05e49adf02c134f88f541992ee78d2, type: 2}
  m_StaticBatchInfo:
    firstSubMesh: 0
    subMeshCount: 0
  m_StaticBatchRoot: {fileID: 0}
  m_ProbeAnchor: {fileID: 0}
  m_LightProbeVolumeOverride: {fileID: 0}
  m_ScaleInLightmap: 1
  m_PreserveUVs: 0
  m_IgnoreNormalsForChartDetection: 0
  m_ImportantGI: 0
  m_StitchLightmapSeams: 0
  m_SelectedEditorRenderState: 3
  m_MinimumChartSize: 4
  m_AutoUVMaxDistance: 0.5
  m_AutoUVMaxAngle: 89
  m_LightmapParameters: {fileID: 0}
  m_SortingLayerID: 0
  m_SortingLayer: 0
  m_SortingOrder: 0
  serializedVersion: 2
  m_Quality: 0
  m_UpdateWhenOffscreen: 0
  m_SkinnedMotionVectors: 1
  m_Mesh: {fileID: 4300000, guid: d9a1483b77bf10e4e851678ab6c2e54e, type: 3}
  m_Bones:
  - {fileID: 1926826953541004656}
  - {fileID: 1926836694547110962}
  - {fileID: 1926416837602221960}
  - {fileID: 1926539352939548756}
  - {fileID: 1926752541551478760}
  - {fileID: 1919611923508785484}
  - {fileID: 1926705612201687274}
  - {fileID: 1919140883359624020}
  - {fileID: 1919513845466283808}
  - {fileID: 1926462029689696006}
  - {fileID: 1926909869825269444}
  - {fileID: 1919328013920393356}
  - {fileID: 1919107534204352012}
  - {fileID: 1926684095588884446}
  - {fileID: 1919413544419684232}
  - {fileID: 1919645360353900190}
  - {fileID: 1926920130432687960}
  - {fileID: 1926734104585232834}
  - {fileID: 1919556347791653094}
  - {fileID: 1919223882894321612}
  - {fileID: 1919521115593348524}
  - {fileID: 1926843352174359242}
  - {fileID: 1919102364307378104}
  - {fileID: 1919602152433885840}
  - {fileID: 1926663409585829644}
  - {fileID: 1919192171952359044}
  - {fileID: 1919171367758528962}
  - {fileID: 1919612455503209974}
  - {fileID: 1919392390198777870}
  - {fileID: 1926744025226765986}
  - {fileID: 1919188257973134704}
  - {fileID: 1926845676154823866}
  - {fileID: 1919160536963004500}
  - {fileID: 1919655933558008474}
  - {fileID: 1926672705282423752}
  - {fileID: 1919224414594335598}
  - {fileID: 1919429475382572230}
  - {fileID: 1919414873996298880}
  - {fileID: 1926699622080305178}
  - {fileID: 1926935677522161910}
  - {fileID: 1926832978568613168}
  - {fileID: 1919646645092153172}
  - {fileID: 1919624882416174436}
  - {fileID: 1926881525429421728}
  - {fileID: 1919116961913480238}
  - {fileID: 1926538997591091802}
  - {fileID: 1926460918225712126}
  - {fileID: 1926663929868763122}
  - {fileID: 1926439506617596142}
  - {fileID: 1919199357855679220}
  - {fileID: 1926800633051290982}
  - {fileID: 1919569105064461570}
  - {fileID: 1926771017600135200}
  - {fileID: 1919444902038380636}
  - {fileID: 1919640910787943044}
  - {fileID: 1926950645895023976}
  - {fileID: 1919431687120621732}
  - {fileID: 1926422113589812874}
  - {fileID: 1926425190971523282}
  - {fileID: 1926955507835387644}
  - {fileID: 1919128025511951080}
  - {fileID: 1919606151137502760}
  - {fileID: 1919338920591921432}
  - {fileID: 1919337658479153502}
  - {fileID: 1919560928506072006}
  - {fileID: 1919341302260575134}
  - {fileID: 1926868560255957938}
  - {fileID: 1926487807964339948}
  m_BlendShapeWeights: []
  m_RootBone: {fileID: 1926826953541004656}
  m_AABB:
    m_Center: {x: 0.00000014901161, y: 0.026102379, z: 0.4292097}
    m_Extent: {x: 0.8761492, y: 0.34544224, z: 0.4899643}
  m_DirtyAABB: 0
--- !u!1 &1925095339929808628
GameObject:
  m_ObjectHideFlags: 0
  m_CorrespondingSourceObject: {fileID: 0}
  m_PrefabInstance: {fileID: 0}
  m_PrefabAsset: {fileID: 0}
  serializedVersion: 6
  m_Component:
  - component: {fileID: 1926425190971523282}
  m_Layer: 0
  m_Name: Tail04
  m_TagString: Untagged
  m_Icon: {fileID: 0}
  m_NavMeshLayer: 0
  m_StaticEditorFlags: 0
  m_IsActive: 1
--- !u!4 &1926425190971523282
Transform:
  m_ObjectHideFlags: 0
  m_CorrespondingSourceObject: {fileID: 0}
  m_PrefabInstance: {fileID: 0}
  m_PrefabAsset: {fileID: 0}
  m_GameObject: {fileID: 1925095339929808628}
  m_LocalRotation: {x: 0.973746, y: -0.22763745, z: -1.3938774e-17, w: 5.9624754e-17}
  m_LocalPosition: {x: -0.22412255, y: 5.684342e-16, z: -4.9765204e-17}
  m_LocalScale: {x: 1, y: 1, z: 1}
  m_Children:
  - {fileID: 1926955507835387644}
  m_Father: {fileID: 1926422113589812874}
  m_RootOrder: 0
  m_LocalEulerAnglesHint: {x: 0, y: 0, z: 0}
--- !u!1 &1925096302213764858
GameObject:
  m_ObjectHideFlags: 0
  m_CorrespondingSourceObject: {fileID: 0}
  m_PrefabInstance: {fileID: 0}
  m_PrefabAsset: {fileID: 0}
  serializedVersion: 6
  m_Component:
  - component: {fileID: 1919560928506072006}
  m_Layer: 0
  m_Name: thigh_r
  m_TagString: Untagged
  m_Icon: {fileID: 0}
  m_NavMeshLayer: 0
  m_StaticEditorFlags: 0
  m_IsActive: 1
--- !u!4 &1919560928506072006
Transform:
  m_ObjectHideFlags: 0
  m_CorrespondingSourceObject: {fileID: 0}
  m_PrefabInstance: {fileID: 0}
  m_PrefabAsset: {fileID: 0}
  m_GameObject: {fileID: 1925096302213764858}
  m_LocalRotation: {x: -0.037179276, y: -0.018561244, z: 0.99909705, w: 0.008848718}
  m_LocalPosition: {x: 0.02219912, y: 0.008744755, z: 0.108068995}
  m_LocalScale: {x: 1, y: 1, z: 1}
  m_Children:
  - {fileID: 1919341302260575134}
  m_Father: {fileID: 1926836694547110962}
  m_RootOrder: 4
  m_LocalEulerAnglesHint: {x: 0, y: 0, z: 0}
--- !u!1 &1925131998066494608
GameObject:
  m_ObjectHideFlags: 0
  m_CorrespondingSourceObject: {fileID: 0}
  m_PrefabInstance: {fileID: 0}
  m_PrefabAsset: {fileID: 0}
  serializedVersion: 6
  m_Component:
  - component: {fileID: 1926417822672750522}
  - component: {fileID: 1930423179649214026}
  - component: {fileID: 1937495620930771778}
  - component: {fileID: 1898194993664291988}
  m_Layer: 0
  m_Name: Sword01Free
  m_TagString: Untagged
  m_Icon: {fileID: 0}
  m_NavMeshLayer: 0
  m_StaticEditorFlags: 0
  m_IsActive: 1
--- !u!4 &1926417822672750522
Transform:
  m_ObjectHideFlags: 0
  m_CorrespondingSourceObject: {fileID: 0}
  m_PrefabInstance: {fileID: 0}
  m_PrefabAsset: {fileID: 0}
  m_GameObject: {fileID: 1925131998066494608}
  m_LocalRotation: {x: -0.70839787, y: -0.00031847606, z: -0.002209168, w: 0.7058099}
  m_LocalPosition: {x: 0.104853556, y: -0.009751981, z: 0.004107195}
  m_LocalScale: {x: 1, y: 1, z: 1}
  m_Children: []
  m_Father: {fileID: 1919624882416174436}
  m_RootOrder: 3
  m_LocalEulerAnglesHint: {x: 0, y: 0, z: 0}
--- !u!33 &1930423179649214026
MeshFilter:
  m_ObjectHideFlags: 0
  m_CorrespondingSourceObject: {fileID: 0}
  m_PrefabInstance: {fileID: 0}
  m_PrefabAsset: {fileID: 0}
  m_GameObject: {fileID: 1925131998066494608}
  m_Mesh: {fileID: 4300000, guid: 9ef625d01f79b4e4eb62fcdf032954ca, type: 3}
--- !u!23 &1937495620930771778
MeshRenderer:
  m_ObjectHideFlags: 0
  m_CorrespondingSourceObject: {fileID: 0}
  m_PrefabInstance: {fileID: 0}
  m_PrefabAsset: {fileID: 0}
  m_GameObject: {fileID: 1925131998066494608}
  m_Enabled: 1
  m_CastShadows: 1
  m_ReceiveShadows: 1
  m_DynamicOccludee: 1
  m_MotionVectors: 1
  m_LightProbeUsage: 1
  m_ReflectionProbeUsage: 1
  m_RenderingLayerMask: 1
  m_RendererPriority: 0
  m_Materials:
  - {fileID: 2100000, guid: da05e49adf02c134f88f541992ee78d2, type: 2}
  m_StaticBatchInfo:
    firstSubMesh: 0
    subMeshCount: 0
  m_StaticBatchRoot: {fileID: 0}
  m_ProbeAnchor: {fileID: 0}
  m_LightProbeVolumeOverride: {fileID: 0}
  m_ScaleInLightmap: 1
  m_PreserveUVs: 0
  m_IgnoreNormalsForChartDetection: 0
  m_ImportantGI: 0
  m_StitchLightmapSeams: 0
  m_SelectedEditorRenderState: 3
  m_MinimumChartSize: 4
  m_AutoUVMaxDistance: 0.5
  m_AutoUVMaxAngle: 89
  m_LightmapParameters: {fileID: 0}
  m_SortingLayerID: 0
  m_SortingLayer: 0
  m_SortingOrder: 0
--- !u!64 &1898194993664291988
MeshCollider:
  m_ObjectHideFlags: 0
  m_CorrespondingSourceObject: {fileID: 0}
  m_PrefabInstance: {fileID: 0}
  m_PrefabAsset: {fileID: 0}
  m_GameObject: {fileID: 1925131998066494608}
  m_Material: {fileID: 0}
  m_IsTrigger: 0
  m_Enabled: 1
  serializedVersion: 3
  m_Convex: 1
  m_CookingOptions: 14
  m_Mesh: {fileID: 4300000, guid: 9ef625d01f79b4e4eb62fcdf032954ca, type: 3}
--- !u!1 &1925139119466839148
GameObject:
  m_ObjectHideFlags: 0
  m_CorrespondingSourceObject: {fileID: 0}
  m_PrefabInstance: {fileID: 0}
  m_PrefabAsset: {fileID: 0}
  serializedVersion: 6
  m_Component:
  - component: {fileID: 1926699622080305178}
  m_Layer: 0
  m_Name: ShoulderPad_l
  m_TagString: Untagged
  m_Icon: {fileID: 0}
  m_NavMeshLayer: 0
  m_StaticEditorFlags: 0
  m_IsActive: 1
--- !u!4 &1926699622080305178
Transform:
  m_ObjectHideFlags: 0
  m_CorrespondingSourceObject: {fileID: 0}
  m_PrefabInstance: {fileID: 0}
  m_PrefabAsset: {fileID: 0}
  m_GameObject: {fileID: 1925139119466839148}
  m_LocalRotation: {x: 0, y: 0, z: 0.009515045, w: 0.99995476}
  m_LocalPosition: {x: -0.081999995, y: 0.002, z: 0.083}
  m_LocalScale: {x: 1, y: 1, z: 1}
  m_Children: []
  m_Father: {fileID: 1919171367758528962}
  m_RootOrder: 1
  m_LocalEulerAnglesHint: {x: 0, y: 0, z: 0}
--- !u!1 &1925173794882047570
GameObject:
  m_ObjectHideFlags: 0
  m_CorrespondingSourceObject: {fileID: 0}
  m_PrefabInstance: {fileID: 0}
  m_PrefabAsset: {fileID: 0}
  serializedVersion: 6
  m_Component:
  - component: {fileID: 1926920130432687960}
  m_Layer: 0
  m_Name: Rabit03_l
  m_TagString: Untagged
  m_Icon: {fileID: 0}
  m_NavMeshLayer: 0
  m_StaticEditorFlags: 0
  m_IsActive: 1
--- !u!4 &1926920130432687960
Transform:
  m_ObjectHideFlags: 0
  m_CorrespondingSourceObject: {fileID: 0}
  m_PrefabInstance: {fileID: 0}
  m_PrefabAsset: {fileID: 0}
  m_GameObject: {fileID: 1925173794882047570}
  m_LocalRotation: {x: 0.343308, y: -0.61817443, z: 0.343308, w: 0.61817443}
  m_LocalPosition: {x: -0.24194758, y: -2.842171e-16, z: 0}
  m_LocalScale: {x: 1, y: 1, z: 1}
  m_Children: []
  m_Father: {fileID: 1919645360353900190}
  m_RootOrder: 0
  m_LocalEulerAnglesHint: {x: 0, y: 0, z: 0}
--- !u!1 &1925184887021986822
GameObject:
  m_ObjectHideFlags: 0
  m_CorrespondingSourceObject: {fileID: 0}
  m_PrefabInstance: {fileID: 0}
  m_PrefabAsset: {fileID: 0}
  serializedVersion: 6
  m_Component:
  - component: {fileID: 1926752541551478760}
  m_Layer: 0
  m_Name: spine_03
  m_TagString: Untagged
  m_Icon: {fileID: 0}
  m_NavMeshLayer: 0
  m_StaticEditorFlags: 0
  m_IsActive: 1
--- !u!4 &1926752541551478760
Transform:
  m_ObjectHideFlags: 0
  m_CorrespondingSourceObject: {fileID: 0}
  m_PrefabInstance: {fileID: 0}
  m_PrefabAsset: {fileID: 0}
  m_GameObject: {fileID: 1925184887021986822}
  m_LocalRotation: {x: 2.8063978e-17, y: -1.6605644e-16, z: -0.04006483, w: 0.99919707}
  m_LocalPosition: {x: -0.11615697, y: 0.002283617, z: 6.341153e-17}
  m_LocalScale: {x: 1, y: 1, z: 1}
  m_Children:
  - {fileID: 1919192171952359044}
  - {fileID: 1926935677522161910}
  - {fileID: 1919611923508785484}
  m_Father: {fileID: 1926539352939548756}
  m_RootOrder: 0
  m_LocalEulerAnglesHint: {x: 0, y: 0, z: 0}
--- !u!1 &1925189018432184582
GameObject:
  m_ObjectHideFlags: 0
  m_CorrespondingSourceObject: {fileID: 0}
  m_PrefabInstance: {fileID: 0}
  m_PrefabAsset: {fileID: 0}
  serializedVersion: 6
  m_Component:
  - component: {fileID: 1919338920591921432}
  m_Layer: 0
  m_Name: Shield
  m_TagString: Untagged
  m_Icon: {fileID: 0}
  m_NavMeshLayer: 0
  m_StaticEditorFlags: 0
  m_IsActive: 1
--- !u!4 &1919338920591921432
Transform:
  m_ObjectHideFlags: 0
  m_CorrespondingSourceObject: {fileID: 0}
  m_PrefabInstance: {fileID: 0}
  m_PrefabAsset: {fileID: 0}
  m_GameObject: {fileID: 1925189018432184582}
  m_LocalRotation: {x: -0.0019436182, y: -0.70710415, z: -0.0019436182, w: 0.70710415}
  m_LocalPosition: {x: -0.4107887, y: 0.022665631, z: -0.7565539}
  m_LocalScale: {x: 1, y: 1, z: 1}
  m_Children: []
  m_Father: {fileID: 1926836694547110962}
  m_RootOrder: 0
  m_LocalEulerAnglesHint: {x: 0, y: 0, z: 0}
--- !u!1 &1925190391268087896
GameObject:
  m_ObjectHideFlags: 0
  m_CorrespondingSourceObject: {fileID: 0}
  m_PrefabInstance: {fileID: 0}
  m_PrefabAsset: {fileID: 0}
  serializedVersion: 6
  m_Component:
  - component: {fileID: 1926843352174359242}
  m_Layer: 0
  m_Name: Dog03_r
  m_TagString: Untagged
  m_Icon: {fileID: 0}
  m_NavMeshLayer: 0
  m_StaticEditorFlags: 0
  m_IsActive: 1
--- !u!4 &1926843352174359242
Transform:
  m_ObjectHideFlags: 0
  m_CorrespondingSourceObject: {fileID: 0}
  m_PrefabInstance: {fileID: 0}
  m_PrefabAsset: {fileID: 0}
  m_GameObject: {fileID: 1925190391268087896}
  m_LocalRotation: {x: -0.082184434, y: -0.70231456, z: -0.082184434, w: 0.70231456}
  m_LocalPosition: {x: 0.11749515, y: -0.00000025022345, z: -0.00000025208118}
  m_LocalScale: {x: 1, y: 1, z: 1}
  m_Children: []
  m_Father: {fileID: 1919521115593348524}
  m_RootOrder: 0
  m_LocalEulerAnglesHint: {x: 0, y: 0, z: 0}
--- !u!1 &1925191997625649906
GameObject:
  m_ObjectHideFlags: 0
  m_CorrespondingSourceObject: {fileID: 0}
  m_PrefabInstance: {fileID: 0}
  m_PrefabAsset: {fileID: 0}
  serializedVersion: 6
  m_Component:
  - component: {fileID: 1919606151137502760}
  m_Layer: 0
  m_Name: Tail01
  m_TagString: Untagged
  m_Icon: {fileID: 0}
  m_NavMeshLayer: 0
  m_StaticEditorFlags: 0
  m_IsActive: 1
--- !u!4 &1919606151137502760
Transform:
  m_ObjectHideFlags: 0
  m_CorrespondingSourceObject: {fileID: 0}
  m_PrefabInstance: {fileID: 0}
  m_PrefabAsset: {fileID: 0}
  m_GameObject: {fileID: 1925191997625649906}
  m_LocalRotation: {x: 0.38658842, y: -0.5920721, z: 0.38658842, w: 0.5920721}
  m_LocalPosition: {x: -0.18719168, y: -2.4868996e-16, z: 2.1023629e-17}
  m_LocalScale: {x: 1, y: 1, z: 1}
  m_Children: []
  m_Father: {fileID: 1919128025511951080}
  m_RootOrder: 0
  m_LocalEulerAnglesHint: {x: 0, y: 0, z: 0}
--- !u!1 &1925214406999563864
GameObject:
  m_ObjectHideFlags: 0
  m_CorrespondingSourceObject: {fileID: 0}
  m_PrefabInstance: {fileID: 0}
  m_PrefabAsset: {fileID: 0}
  serializedVersion: 6
  m_Component:
  - component: {fileID: 1919655933558008474}
  m_Layer: 0
  m_Name: index_02_l
  m_TagString: Untagged
  m_Icon: {fileID: 0}
  m_NavMeshLayer: 0
  m_StaticEditorFlags: 0
  m_IsActive: 1
--- !u!4 &1919655933558008474
Transform:
  m_ObjectHideFlags: 0
  m_CorrespondingSourceObject: {fileID: 0}
  m_PrefabInstance: {fileID: 0}
  m_PrefabAsset: {fileID: 0}
  m_GameObject: {fileID: 1925214406999563864}
  m_LocalRotation: {x: 0.0069556003, y: 0.003193588, z: -0.052581947, w: 0.9985873}
  m_LocalPosition: {x: -0.060072307, y: 0.00467801, z: 0.0034518028}
  m_LocalScale: {x: 1, y: 1, z: 1}
  m_Children:
  - {fileID: 1926672705282423752}
  m_Father: {fileID: 1919160536963004500}
  m_RootOrder: 0
  m_LocalEulerAnglesHint: {x: 0, y: 0, z: 0}
--- !u!1 &1925228578981901898
GameObject:
  m_ObjectHideFlags: 0
  m_CorrespondingSourceObject: {fileID: 0}
  m_PrefabInstance: {fileID: 0}
  m_PrefabAsset: {fileID: 0}
  serializedVersion: 6
  m_Component:
  - component: {fileID: 1926744025226765986}
  m_Layer: 0
  m_Name: thumb_01_l
  m_TagString: Untagged
  m_Icon: {fileID: 0}
  m_NavMeshLayer: 0
  m_StaticEditorFlags: 0
  m_IsActive: 1
--- !u!4 &1926744025226765986
Transform:
  m_ObjectHideFlags: 0
  m_CorrespondingSourceObject: {fileID: 0}
  m_PrefabInstance: {fileID: 0}
  m_PrefabAsset: {fileID: 0}
  m_GameObject: {fileID: 1925228578981901898}
  m_LocalRotation: {x: 0.5163034, y: -0.48260537, z: 0.112008244, w: 0.6985535}
  m_LocalPosition: {x: -0.047104318, y: 0.023203261, z: -0.056340285}
  m_LocalScale: {x: 1, y: 1, z: 1}
  m_Children:
  - {fileID: 1919188257973134704}
  m_Father: {fileID: 1919392390198777870}
  m_RootOrder: 2
  m_LocalEulerAnglesHint: {x: 0, y: 0, z: 0}
--- !u!1 &1925232852006473558
GameObject:
  m_ObjectHideFlags: 0
  m_CorrespondingSourceObject: {fileID: 0}
  m_PrefabInstance: {fileID: 0}
  m_PrefabAsset: {fileID: 0}
  serializedVersion: 6
  m_Component:
  - component: {fileID: 1919171367758528962}
  m_Layer: 0
  m_Name: upperarm_l
  m_TagString: Untagged
  m_Icon: {fileID: 0}
  m_NavMeshLayer: 0
  m_StaticEditorFlags: 0
  m_IsActive: 1
--- !u!4 &1919171367758528962
Transform:
  m_ObjectHideFlags: 0
  m_CorrespondingSourceObject: {fileID: 0}
  m_PrefabInstance: {fileID: 0}
  m_PrefabAsset: {fileID: 0}
  m_GameObject: {fileID: 1925232852006473558}
  m_LocalRotation: {x: -0.016182095, y: 0.08095038, z: 0.109649286, w: 0.99053633}
  m_LocalPosition: {x: -0.15521362, y: 1.0658141e-16, z: 4.2632563e-16}
  m_LocalScale: {x: 1, y: 1, z: 1}
  m_Children:
  - {fileID: 1919612455503209974}
  - {fileID: 1926699622080305178}
  m_Father: {fileID: 1919192171952359044}
  m_RootOrder: 0
  m_LocalEulerAnglesHint: {x: 0, y: 0, z: 0}
--- !u!1 &1925233838316710348
GameObject:
  m_ObjectHideFlags: 0
  m_CorrespondingSourceObject: {fileID: 0}
  m_PrefabInstance: {fileID: 0}
  m_PrefabAsset: {fileID: 0}
  serializedVersion: 6
  m_Component:
  - component: {fileID: 1926416837602221960}
  m_Layer: 0
  m_Name: spine_01
  m_TagString: Untagged
  m_Icon: {fileID: 0}
  m_NavMeshLayer: 0
  m_StaticEditorFlags: 0
  m_IsActive: 1
--- !u!4 &1926416837602221960
Transform:
  m_ObjectHideFlags: 0
  m_CorrespondingSourceObject: {fileID: 0}
  m_PrefabInstance: {fileID: 0}
  m_PrefabAsset: {fileID: 0}
  m_GameObject: {fileID: 1925233838316710348}
  m_LocalRotation: {x: -6.980227e-18, y: 4.2070543e-19, z: 0.06411279, w: 0.9979427}
  m_LocalPosition: {x: -0.11432394, y: -0.009892768, z: 1.7044286e-17}
  m_LocalScale: {x: 1, y: 1, z: 1}
  m_Children:
  - {fileID: 1926539352939548756}
  m_Father: {fileID: 1926836694547110962}
  m_RootOrder: 1
  m_LocalEulerAnglesHint: {x: 0, y: 0, z: 0}
--- !u!1 &1925252569344408396
GameObject:
  m_ObjectHideFlags: 0
  m_CorrespondingSourceObject: {fileID: 0}
  m_PrefabInstance: {fileID: 0}
  m_PrefabAsset: {fileID: 0}
  serializedVersion: 6
  m_Component:
  - component: {fileID: 1926826953541004656}
  m_Layer: 0
  m_Name: root
  m_TagString: Untagged
  m_Icon: {fileID: 0}
  m_NavMeshLayer: 0
  m_StaticEditorFlags: 0
  m_IsActive: 1
--- !u!4 &1926826953541004656
Transform:
  m_ObjectHideFlags: 0
  m_CorrespondingSourceObject: {fileID: 0}
  m_PrefabInstance: {fileID: 0}
  m_PrefabAsset: {fileID: 0}
  m_GameObject: {fileID: 1925252569344408396}
  m_LocalRotation: {x: -0.7071068, y: 0, z: -0, w: 0.7071068}
  m_LocalPosition: {x: -0, y: 0, z: 0}
  m_LocalScale: {x: 1, y: 1, z: 1}
  m_Children:
  - {fileID: 1926836694547110962}
  m_Father: {fileID: 1919410511652385230}
  m_RootOrder: 2
  m_LocalEulerAnglesHint: {x: 0, y: 0, z: 0}
--- !u!1 &1925278129679703634
GameObject:
  m_ObjectHideFlags: 0
  m_CorrespondingSourceObject: {fileID: 0}
  m_PrefabInstance: {fileID: 0}
  m_PrefabAsset: {fileID: 0}
  serializedVersion: 6
  m_Component:
  - component: {fileID: 1919337658479153502}
  m_Layer: 0
  m_Name: Weapon
  m_TagString: Untagged
  m_Icon: {fileID: 0}
  m_NavMeshLayer: 0
  m_StaticEditorFlags: 0
  m_IsActive: 1
--- !u!4 &1919337658479153502
Transform:
  m_ObjectHideFlags: 0
  m_CorrespondingSourceObject: {fileID: 0}
  m_PrefabInstance: {fileID: 0}
  m_PrefabAsset: {fileID: 0}
  m_GameObject: {fileID: 1925278129679703634}
  m_LocalRotation: {x: 0.70710415, y: -0.0019436182, z: 0.70710415, w: 0.0019436182}
  m_LocalPosition: {x: -0.41078886, y: 0.022665657, z: 0.756554}
  m_LocalScale: {x: 1, y: 1, z: 1}
  m_Children: []
  m_Father: {fileID: 1926836694547110962}
  m_RootOrder: 5
  m_LocalEulerAnglesHint: {x: 0, y: 0, z: 0}
--- !u!1 &1925286123934601102
GameObject:
  m_ObjectHideFlags: 0
  m_CorrespondingSourceObject: {fileID: 0}
  m_PrefabInstance: {fileID: 0}
  m_PrefabAsset: {fileID: 0}
  serializedVersion: 6
  m_Component:
  - component: {fileID: 1926734104585232834}
  m_Layer: 0
  m_Name: Rat01_r
  m_TagString: Untagged
  m_Icon: {fileID: 0}
  m_NavMeshLayer: 0
  m_StaticEditorFlags: 0
  m_IsActive: 1
--- !u!4 &1926734104585232834
Transform:
  m_ObjectHideFlags: 0
  m_CorrespondingSourceObject: {fileID: 0}
  m_PrefabInstance: {fileID: 0}
  m_PrefabAsset: {fileID: 0}
  m_GameObject: {fileID: 1925286123934601102}
  m_LocalRotation: {x: 0.69966555, y: -0.37457776, z: 0.59974295, w: -0.102314144}
  m_LocalPosition: {x: -0.13691002, y: 0.0796464, z: 0.149027}
  m_LocalScale: {x: 1, y: 1, z: 1}
  m_Children:
  - {fileID: 1919556347791653094}
  m_Father: {fileID: 1926705612201687274}
  m_RootOrder: 6
  m_LocalEulerAnglesHint: {x: 0, y: 0, z: 0}
