%YAML 1.1
%TAG !u! tag:unity3d.com,2011:
--- !u!1 &4264706004760148411
GameObject:
  m_ObjectHideFlags: 0
  m_CorrespondingSourceObject: {fileID: 0}
  m_PrefabInstance: {fileID: 0}
  m_PrefabAsset: {fileID: 0}
  serializedVersion: 6
  m_Component:
  - component: {fileID: 6621296433042469614}
  m_Layer: 0
  m_Name: Shroom_01
  m_TagString: Untagged
  m_Icon: {fileID: 0}
  m_NavMeshLayer: 0
  m_StaticEditorFlags: 0
  m_IsActive: 1
--- !u!4 &6621296433042469614
Transform:
  m_ObjectHideFlags: 0
  m_CorrespondingSourceObject: {fileID: 0}
  m_PrefabInstance: {fileID: 0}
  m_PrefabAsset: {fileID: 0}
  m_GameObject: {fileID: 4264706004760148411}
  m_LocalRotation: {x: -0, y: -0, z: -0, w: 1}
  m_LocalPosition: {x: 164.51, y: 152.639, z: 19.695}
  m_LocalScale: {x: 0.50872, y: 0.50872, z: 0.50872}
  m_Children:
  - {fileID: 4622889805718219606}
  - {fileID: 4049700554201537590}
  - {fileID: 2977496112822174077}
  m_Father: {fileID: 0}
  m_RootOrder: 0
  m_LocalEulerAnglesHint: {x: 0, y: 0, z: 0}
--- !u!1001 &2980512878557934029
PrefabInstance:
  m_ObjectHideFlags: 0
  serializedVersion: 2
  m_Modification:
    m_TransformParent: {fileID: 6621296433042469614}
    m_Modifications:
    - target: {fileID: 1798482392453766, guid: 9ca66ec3846a78042b161d94162683fb, type: 3}
      propertyPath: m_Name
      value: Shroom3 (2)
      objectReference: {fileID: 0}
    - target: {fileID: 4178537211982000, guid: 9ca66ec3846a78042b161d94162683fb, type: 3}
      propertyPath: m_LocalPosition.x
      value: -0.21623017
      objectReference: {fileID: 0}
    - target: {fileID: 4178537211982000, guid: 9ca66ec3846a78042b161d94162683fb, type: 3}
      propertyPath: m_LocalPosition.y
      value: -0.08257479
      objectReference: {fileID: 0}
    - target: {fileID: 4178537211982000, guid: 9ca66ec3846a78042b161d94162683fb, type: 3}
      propertyPath: m_LocalPosition.z
      value: -0.011795327
      objectReference: {fileID: 0}
    - target: {fileID: 4178537211982000, guid: 9ca66ec3846a78042b161d94162683fb, type: 3}
      propertyPath: m_LocalRotation.x
      value: -0
      objectReference: {fileID: 0}
    - target: {fileID: 4178537211982000, guid: 9ca66ec3846a78042b161d94162683fb, type: 3}
      propertyPath: m_LocalRotation.y
      value: -0
      objectReference: {fileID: 0}
    - target: {fileID: 4178537211982000, guid: 9ca66ec3846a78042b161d94162683fb, type: 3}
      propertyPath: m_LocalRotation.z
      value: -0
      objectReference: {fileID: 0}
    - target: {fileID: 4178537211982000, guid: 9ca66ec3846a78042b161d94162683fb, type: 3}
      propertyPath: m_LocalRotation.w
      value: 1
      objectReference: {fileID: 0}
    - target: {fileID: 4178537211982000, guid: 9ca66ec3846a78042b161d94162683fb, type: 3}
      propertyPath: m_RootOrder
      value: 2
      objectReference: {fileID: 0}
    - target: {fileID: 4178537211982000, guid: 9ca66ec3846a78042b161d94162683fb, type: 3}
      propertyPath: m_LocalEulerAnglesHint.x
      value: 0
      objectReference: {fileID: 0}
    - target: {fileID: 4178537211982000, guid: 9ca66ec3846a78042b161d94162683fb, type: 3}
      propertyPath: m_LocalEulerAnglesHint.y
      value: 0
      objectReference: {fileID: 0}
    - target: {fileID: 4178537211982000, guid: 9ca66ec3846a78042b161d94162683fb, type: 3}
      propertyPath: m_LocalEulerAnglesHint.z
      value: 0
      objectReference: {fileID: 0}
    - target: {fileID: 4178537211982000, guid: 9ca66ec3846a78042b161d94162683fb, type: 3}
      propertyPath: m_LocalScale.x
      value: 0.4871626
      objectReference: {fileID: 0}
    - target: {fileID: 4178537211982000, guid: 9ca66ec3846a78042b161d94162683fb, type: 3}
      propertyPath: m_LocalScale.y
      value: 0.4871626
      objectReference: {fileID: 0}
    - target: {fileID: 4178537211982000, guid: 9ca66ec3846a78042b161d94162683fb, type: 3}
      propertyPath: m_LocalScale.z
      value: 0.4871626
      objectReference: {fileID: 0}
    m_RemovedComponents: []
  m_SourcePrefab: {fileID: 100100000, guid: 9ca66ec3846a78042b161d94162683fb, type: 3}
--- !u!4 &2977496112822174077 stripped
Transform:
  m_CorrespondingSourceObject: {fileID: 4178537211982000, guid: 9ca66ec3846a78042b161d94162683fb,
    type: 3}
  m_PrefabInstance: {fileID: 2980512878557934029}
  m_PrefabAsset: {fileID: 0}
--- !u!1001 &4052594702846913670
PrefabInstance:
  m_ObjectHideFlags: 0
  serializedVersion: 2
  m_Modification:
    m_TransformParent: {fileID: 6621296433042469614}
    m_Modifications:
    - target: {fileID: 1798482392453766, guid: 9ca66ec3846a78042b161d94162683fb, type: 3}
      propertyPath: m_Name
      value: Shroom3 (1)
      objectReference: {fileID: 0}
    - target: {fileID: 4178537211982000, guid: 9ca66ec3846a78042b161d94162683fb, type: 3}
      propertyPath: m_LocalPosition.x
      value: -0.25750256
      objectReference: {fileID: 0}
    - target: {fileID: 4178537211982000, guid: 9ca66ec3846a78042b161d94162683fb, type: 3}
      propertyPath: m_LocalPosition.y
      value: 0.021596022
      objectReference: {fileID: 0}
    - target: {fileID: 4178537211982000, guid: 9ca66ec3846a78042b161d94162683fb, type: 3}
      propertyPath: m_LocalPosition.z
      value: -0.23785244
      objectReference: {fileID: 0}
    - target: {fileID: 4178537211982000, guid: 9ca66ec3846a78042b161d94162683fb, type: 3}
      propertyPath: m_LocalRotation.x
      value: -0
      objectReference: {fileID: 0}
    - target: {fileID: 4178537211982000, guid: 9ca66ec3846a78042b161d94162683fb, type: 3}
      propertyPath: m_LocalRotation.y
      value: -0
      objectReference: {fileID: 0}
    - target: {fileID: 4178537211982000, guid: 9ca66ec3846a78042b161d94162683fb, type: 3}
      propertyPath: m_LocalRotation.z
      value: -0
      objectReference: {fileID: 0}
    - target: {fileID: 4178537211982000, guid: 9ca66ec3846a78042b161d94162683fb, type: 3}
      propertyPath: m_LocalRotation.w
      value: 1
      objectReference: {fileID: 0}
    - target: {fileID: 4178537211982000, guid: 9ca66ec3846a78042b161d94162683fb, type: 3}
      propertyPath: m_RootOrder
      value: 1
      objectReference: {fileID: 0}
    - target: {fileID: 4178537211982000, guid: 9ca66ec3846a78042b161d94162683fb, type: 3}
      propertyPath: m_LocalEulerAnglesHint.x
      value: 0
      objectReference: {fileID: 0}
    - target: {fileID: 4178537211982000, guid: 9ca66ec3846a78042b161d94162683fb, type: 3}
      propertyPath: m_LocalEulerAnglesHint.y
      value: 0
      objectReference: {fileID: 0}
    - target: {fileID: 4178537211982000, guid: 9ca66ec3846a78042b161d94162683fb, type: 3}
      propertyPath: m_LocalEulerAnglesHint.z
      value: 0
      objectReference: {fileID: 0}
    - target: {fileID: 4178537211982000, guid: 9ca66ec3846a78042b161d94162683fb, type: 3}
      propertyPath: m_LocalScale.x
      value: 0.4871626
      objectReference: {fileID: 0}
    - target: {fileID: 4178537211982000, guid: 9ca66ec3846a78042b161d94162683fb, type: 3}
      propertyPath: m_LocalScale.y
      value: 0.4871626
      objectReference: {fileID: 0}
    - target: {fileID: 4178537211982000, guid: 9ca66ec3846a78042b161d94162683fb, type: 3}
      propertyPath: m_LocalScale.z
      value: 0.4871626
      objectReference: {fileID: 0}
    m_RemovedComponents: []
  m_SourcePrefab: {fileID: 100100000, guid: 9ca66ec3846a78042b161d94162683fb, type: 3}
--- !u!4 &4049700554201537590 stripped
Transform:
  m_CorrespondingSourceObject: {fileID: 4178537211982000, guid: 9ca66ec3846a78042b161d94162683fb,
    type: 3}
  m_PrefabInstance: {fileID: 4052594702846913670}
  m_PrefabAsset: {fileID: 0}
--- !u!1001 &4623250211490798566
PrefabInstance:
  m_ObjectHideFlags: 0
  serializedVersion: 2
  m_Modification:
    m_TransformParent: {fileID: 6621296433042469614}
    m_Modifications:
    - target: {fileID: 1798482392453766, guid: 9ca66ec3846a78042b161d94162683fb, type: 3}
      propertyPath: m_Name
      value: Shroom3
      objectReference: {fileID: 0}
    - target: {fileID: 4178537211982000, guid: 9ca66ec3846a78042b161d94162683fb, type: 3}
      propertyPath: m_LocalPosition.x
      value: 0
      objectReference: {fileID: 0}
    - target: {fileID: 4178537211982000, guid: 9ca66ec3846a78042b161d94162683fb, type: 3}
      propertyPath: m_LocalPosition.y
      value: 0
      objectReference: {fileID: 0}
    - target: {fileID: 4178537211982000, guid: 9ca66ec3846a78042b161d94162683fb, type: 3}
      propertyPath: m_LocalPosition.z
      value: 0
      objectReference: {fileID: 0}
    - target: {fileID: 4178537211982000, guid: 9ca66ec3846a78042b161d94162683fb, type: 3}
      propertyPath: m_LocalRotation.x
      value: -0
      objectReference: {fileID: 0}
    - target: {fileID: 4178537211982000, guid: 9ca66ec3846a78042b161d94162683fb, type: 3}
      propertyPath: m_LocalRotation.y
      value: -0
      objectReference: {fileID: 0}
    - target: {fileID: 4178537211982000, guid: 9ca66ec3846a78042b161d94162683fb, type: 3}
      propertyPath: m_LocalRotation.z
      value: -0
      objectReference: {fileID: 0}
    - target: {fileID: 4178537211982000, guid: 9ca66ec3846a78042b161d94162683fb, type: 3}
      propertyPath: m_LocalRotation.w
      value: 1
      objectReference: {fileID: 0}
    - target: {fileID: 4178537211982000, guid: 9ca66ec3846a78042b161d94162683fb, type: 3}
      propertyPath: m_RootOrder
      value: 0
      objectReference: {fileID: 0}
    - target: {fileID: 4178537211982000, guid: 9ca66ec3846a78042b161d94162683fb, type: 3}
      propertyPath: m_LocalEulerAnglesHint.x
      value: 0
      objectReference: {fileID: 0}
    - target: {fileID: 4178537211982000, guid: 9ca66ec3846a78042b161d94162683fb, type: 3}
      propertyPath: m_LocalEulerAnglesHint.y
      value: 0
      objectReference: {fileID: 0}
    - target: {fileID: 4178537211982000, guid: 9ca66ec3846a78042b161d94162683fb, type: 3}
      propertyPath: m_LocalEulerAnglesHint.z
      value: 0
      objectReference: {fileID: 0}
    - target: {fileID: 4178537211982000, guid: 9ca66ec3846a78042b161d94162683fb, type: 3}
      propertyPath: m_LocalScale.x
      value: 1
      objectReference: {fileID: 0}
    - target: {fileID: 4178537211982000, guid: 9ca66ec3846a78042b161d94162683fb, type: 3}
      propertyPath: m_LocalScale.y
      value: 1
      objectReference: {fileID: 0}
    - target: {fileID: 4178537211982000, guid: 9ca66ec3846a78042b161d94162683fb, type: 3}
      propertyPath: m_LocalScale.z
      value: 1
      objectReference: {fileID: 0}
    m_RemovedComponents: []
  m_SourcePrefab: {fileID: 100100000, guid: 9ca66ec3846a78042b161d94162683fb, type: 3}
--- !u!4 &4622889805718219606 stripped
Transform:
  m_CorrespondingSourceObject: {fileID: 4178537211982000, guid: 9ca66ec3846a78042b161d94162683fb,
    type: 3}
  m_PrefabInstance: {fileID: 4623250211490798566}
  m_PrefabAsset: {fileID: 0}
